2506 4298
364 40 372 101 Ι

166 213 206 272 94
339 104 366 301 s
472 231 499 272 Ρ.
513 229 654 274 vmomrr
667 231 808 275 nannius

166 372 230 444 Quo
242 373 340 433 totum
352 373 416 431 nati
428 391 529 450 corpus
541 373 674 450 perduxit
684 397 692 442 ;
713 376 744 433 at
756 373 799 434 illi

165 450 267 511 Dulcis
280 451 444 529 compositis
458 453 576 530 spiravit
590 454 714 512 crinibus
727 474 804 527 aura,

166 533 265 609 Atque
277 531 380 590 habilis
392 532 527 590 membris
538 532 620 590 venit
632 533 722 611 vigor.
762 534 820 593 Est
833 555 931 613 specus
944 534 1046 614 ingens

165 611 253 670 Exesi
264 611 353 670 latere
366 611 397 669 in
409 612 525 684 montis,
540 632 596 689 quo
608 613 731 690 plurima
742 617 831 672 vento

163 690 286 769 Cogitur
297 690 383 768 inque
396 691 474 750 sinus
488 691 593 750 scindit
606 712 666 752 sese
678 693 756 752 unda
766 694 908 766 reductos,

162 770 317 848 Deprensis
330 771 400 829 olim
413 771 500 829 statio
509 771 656 830 tutissima
668 773 780 844 nautis3

162 850 249 909 Intus
263 871 292 910 se
304 850 380 909 vasti
392 851 514 910 Proteus
527 851 603 929 tegit
616 852 706 930 objice
719 852 788 910 saxi.

162 929 223 989 Hie
232 930 367 1008 juvenem
379 929 410 988 in
422 930 538 989 latebris
552 951 683 990 aversum
695 932 833 990 alumine
845 932 876 990 N
876 931 985 1011 ympha

163 1009 307 1083 Collooat3
326 1011 388 1087 ipsa
400 1010 499 1087 prooul
511 1011 621 1069 nebulis
634 1011 754 1070 obscura
765 1011 883 1071 resistit.

162 1088 185 1146 J
185 1110 232 1148 am
244 1090 358 1168 rapidus
371 1092 483 1148 torrens
496 1090 625 1150 sitientes
639 1091 728 1149 Sirius
742 1091 831 1150 Indos

162 1170 308 1242 Ardebat3
328 1168 399 1228 ooelo
413 1172 443 1228 et
455 1170 582 1228 medium
595 1170 644 1229 Sol
656 1171 758 1248 igneus
772 1171 870 1230 orbem

162 1249 326 1322 Hauserat3
346 1249 464 1307 arebant
476 1249 579 1322 herbae,
592 1252 623 1309 et
637 1270 706 1308 aava
717 1251 837 1309 flumina
849 1250 930 1310 sisois

162 1329 305 1388 Faucibus
319 1330 355 1387 ad
366 1328 468 1386 limum
480 1329 553 1387 radii
564 1330 707 1407 tepefaota
719 1331 895 1408 coquebant3

162 1408 259 1481 Quum
271 1409 393 1467 Proteus
407 1411 543 1467 consueta
554 1413 654 1486 petens
668 1429 684 1468 e
696 1410 831 1469 fluctibus
845 1415 928 1469 antra

161 1488 246 1548 Ibao:
267 1509 333 1547 eum
345 1488 421 1546 vasti
434 1488 541 1546 oiroum
553 1508 624 1566 gens
636 1489 755 1547 humida
767 1490 851 1568 ponti

160 1568 317 1627 Exsultans
330 1588 424 1626 rorem
435 1568 494 1627 late
507 1568 640 1645 dispersit
652 1589 789 1628 amarum.

162 1649 302 1707 Sternunt
316 1668 345 1706 se
358 1668 458 1706 somno
472 1648 588 1706 diversae
601 1648 632 1706 in
645 1647 731 1707 litore
744 1649 860 1726 phooae:

160 1727 236 1806 Ipse,
249 1728 330 1787 velut
343 1728 449 1787 stabuli
462 1732 557 1786 eustos
569 1728 601 1786 in
613 1729 761 1787 montibus
774 1729 851 1801 olim,

160 1807 268 1885 Vesper
280 1808 330 1866 ubi
343 1828 359 1866 e
371 1811 456 1884 pastu
468 1807 575 1866 vitulos
589 1808 626 1866 ad
638 1810 717 1866 teoto
728 1809 848 1881 reducit,

160 1887 331 1964 Auditisque
343 1887 425 1964 lupos
438 1889 545 1945 acuunt
557 1887 699 1946 balatibus
712 1889 789 1966 agni,

161 1967 291 2026 Considit
305 1966 420 2044 scopulo
433 1968 550 2039 medius,
564 1987 770 2045 numerumque
782 1971 918 2027 recenset.

161 2047 250 2125 Oujus
263 2047 387 2105 Aristaeo
401 2046 535 2124 quoniam
548 2050 592 2105 est
606 2046 702 2106 oblata
713 2047 843 2119 faoultas‚

160 2126 218 2184 Vix
231 2127 339 2186 defessa
351 2146 447 2185 senem
459 2145 558 2203 passus
572 2147 739 2204 romponero
751 2128 888 2200 membra,

161 2205 235 2264 Cum
248 2207 369 2265 clamore
381 2205 441 2263 ruit
453 2226 567 2283 magno,
580 2206 753 2283 manicisque
762 2207 907 2285 jacentem

160 2285 297 2363 Occupat.
338 2285 392 2344 Ille
405 2305 465 2343 suae
479 2289 579 2344 eontra
590 2306 649 2344 non
662 2286 812 2345 immemor
824 2287 903 2359 artis,

160 2365 264 2424 Omnia
277 2365 463 2423 transformat
477 2385 536 2423 sese
549 2365 579 2423 in
592 2365 729 2424 miraoula
739 2386 844 2439 rerum,

159 2444 326 2523 Ignemque‚
340 2445 559 2521 horribilemque
572 2446 669 2516 feram,
682 2445 857 2523 fluviumque
869 2446 1036 2524 liquentem.

158 2525 267 2584 Verum
280 2525 330 2583 ubi
342 2525 421 2582 nulla
433 2525 532 2602 fugam
545 2525 650 2603 reperit
662 2525 788 2602 pellacia,
800 2526 894 2585 vietus

158 2604 197 2662 In
210 2625 270 2664 sese
282 2605 365 2677 redit,
379 2607 464 2681 atquo
477 2604 601 2664 hominis
614 2605 731 2663 tandem
745 2625 793 2664 ore
804 2606 934 2664 loeutus:

158 2686 266 2743 “Nam
278 2685 341 2762 quis
354 2687 393 2756 te,
402 2685 541 2762 juvenum
555 2684 802 2757 confidentissime,
816 2689 928 2744 nostras

158 2765 179 2821 J
181 2764 253 2823 ussit
267 2764 342 2822 adiro
356 2764 480 2824 domus?
499 2764 602 2840 quidve
614 2764 682 2822 hino
695 2764 769 2841 petis
780 2764 793 2824 Ρ
803 2765 822 2790 ”
842 2765 946 2841 inquit.
986 2765 1029 2823 At
1042 2767 1107 2830 ille:

158 2849 174 2876 “
184 2845 253 2916 Seis,
267 2844 384 2916 Proteu,
398 2844 451 2902 sois
463 2844 540 2921 ipse;
561 2864 651 2921 neque
665 2848 708 2902 est
722 2847 753 2902 te
765 2844 862 2903 fallere
875 2845 1047 2923 quidquam

158 2925 214 2984 Sed
227 2929 263 2984 tu
276 2924 371 2983 desine
384 2924 464 2982 vello.
505 2925 601 2983 Deum
612 2927 754 3000 praeopta
766 2924 865 2996 secuti,

157 3004 294 3063 Venimus
308 3004 375 3063 hino
388 3003 474 3081 lapsis
487 3003 642 3080 quaesitum
655 3003 768 3062 oracula
779 3003 894 3062 rebus.”

157 3085 284 3143 Tantum
298 3085 408 3142 effatus.
449 3084 496 3140 Ad
510 3084 570 3141 haeo
582 3087 663 3141 vates
676 3083 706 3140 vi
719 3083 841 3159 denique
853 3084 947 3141 multa

155 3165 298 3223 Ardentes
312 3164 407 3222 oeulos
420 3162 536 3221 intorsit
549 3162 656 3221 lumine
670 3161 779 3240 glauco,

155 3245 198 3303 Et
247 3244 337 3302 avitor
348 3243 488 3314 frendens,
502 3243 542 3301 sio
555 3243 622 3301 fatis
636 3262 685 3300 ora
696 3241 829 3300 resolvit:

195 3329 212 3355 “
253 3327 333 3382 onte
346 3323 451 3381 nullius
465 3325 595 3382 exercent
609 3321 734 3380 numinis
746 3321 806 3379 irae.

155 3403 266 3481 Magna
278 3402 333 3459 luis
347 3402 511 3461 commissa:
532 3402 587 3461 tibi
600 3402 652 3460 has
665 3400 832 3459 miserabilis
846 3400 971 3478 Orpheus

155 3483 386 3559 Haudquaquam
399 3481 436 3539 ob
449 3482 585 3540 meritum
596 3501 703 3559 poenas,
715 3480 747 3539 ni
760 3481 836 3538 Fata
847 3480 992 3554 resistant,

156 3563 291 3632 Suscitat,
305 3566 335 3619 et
348 3564 430 3637 rapta
443 3562 569 3638 graviter
580 3582 632 3639 pro
646 3560 765 3639 conjuge
779 3560 870 3619 saevit.

155 3643 212 3700 Illa
225 3641 348 3718 quidem,
362 3641 431 3697 dum
443 3643 474 3698 te
486 3641 600 3718 fugeret
613 3662 663 3718 per
674 3640 793 3698 flumina
805 3660 937 3717 praeoeps,

155 3721 318 3780 Immanem
330 3722 397 3778 ante
410 3720 495 3797 pedes
507 3721 642 3798 hydrum,
654 3720 795 3778 moritura
806 3719 908 3796 puella,

156 3803 323 3860 Servantem
335 3800 410 3876 ripas
424 3799 484 3858 alta
495 3820 554 3858 non
567 3800 641 3858 vidit
653 3799 685 3858 in
697 3800 793 3858 herba.
991 3861 993 3865 .
1195 3860 1199 3867 ,

147 3883 197 3939 At
208 3882 314 3940 ebonis
327 3879 443 3958 aequadis
456 3879 609 3960 Dryadum
621 3879 743 3938 clamore
756 3897 901 3956 supremos
949 3890 979 3975 'J
1001 3855 1055 3921 ζ’*
1081 3885 1117 3916 ²*
1131 3845 1194 3919 ’ζ

133 3959 311 4038 Implerunt
322 3963 459 4038 montes;
480 3961 589 4024 flerunt
604 3959 780 4039 Rhodopeia
792 3977 870 4018 arms
