2506 4298
278 245 317 303 70
580 257 760 301 nvrrornn
773 257 912 301 ιιιιιοιιιι

278 400 444 479 Diffugiunt
456 403 593 473 armenta,
606 401 676 459 furit
688 400 846 478 mugitibus
858 401 950 458 aether

279 481 447 552 Concursus,
461 480 592 559 silraeque
605 485 636 540 et
649 480 715 538 sicci
727 480 788 556 ripa
801 481 933 558 Tanagri.

191 630 194 635 Ι
278 559 346 619 Hoc
359 560 501 637 quondam
513 563 641 619 monstro
653 560 801 618 horribiles
815 560 940 618 exercuit
952 559 1008 617 iras

279 639 405 698 Inachiae
418 638 441 697 J
440 660 497 698 uno
510 645 620 717 pestem
633 639 771 698 meditata
778 639 917 717 juvencae.

278 719 368 777 Hunc
381 739 499 796 quoque,
512 740 579 779 nam
592 719 691 778 mediis
704 720 860 777 fervoribus
873 719 963 776 acrior
975 718 1074 789 instat,

278 798 395 857 Arcebis
407 799 525 876 gravido
536 800 638 876 pecori,
651 800 832 875 armentaque
845 817 949 874 pasces,

279 878 343 936 Sole
355 898 450 937 recens
463 881 535 950 orto,
549 882 599 937 aut
612 881 726 936 noctem
739 877 905 936 ducentibus
919 877 1012 935 astris.

319 957 390 1016 Post
402 960 517 1035 partum
529 978 597 1017 cura
608 958 640 1015 in
652 958 757 1015 vitulos
769 957 929 1016 traducitur
941 957 1049 1015 omnis:

279 1035 478 1114 Continuoque
491 1041 573 1096 notas
587 1042 617 1096 et
630 1037 745 1095 nomina
757 1036 852 1113 gentis
864 1037 992 1107 inurunt,

279 1116 322 1173 Ει
335 1137 405 1193 quos
418 1121 468 1174 aut
481 1118 574 1194 pecori
587 1117 689 1174 malint
703 1115 869 1174 submittere
882 1115 1022 1187 habendo,

278 1196 341 1252 Αιιι
354 1196 409 1254 aris
422 1216 531 1255 servare
544 1216 644 1267 sacros,
658 1199 708 1253 aut
722 1195 847 1253 scindere
858 1198 973 1265 terram,

279 1275 322 1332 Ει
335 1295 466 1352 campum
478 1275 641 1334 horrentem
653 1274 750 1333 fractis
762 1275 901 1333 invertere
914 1274 1020 1351 glebis:

280 1354 382 1412 Cetera
394 1359 549 1432 pascuntur
555 1355 658 1413 virides
672 1357 801 1412 armenta
809 1374 859 1430 per
871 1355 982 1413 herbas.

280 1433 326 1491 Τιι
339 1454 408 1510 quos
422 1435 457 1492 ad
471 1434 597 1493 studium
610 1436 695 1511 atque
707 1454 791 1491 usum
804 1433 937 1491 formabis
950 1434 1100 1510 agrestem,

280 1512 301 1569 J
303 1532 349 1571 am
361 1513 467 1572 vitulos
479 1513 601 1585 hortare,
614 1514 744 1589 viamque
756 1513 856 1571 insiste
869 1513 1012 1584 domandi,

280 1592 360 1650 Dum
371 1593 465 1651 faciles
479 1593 566 1650 animi
575 1593 721 1670 juvenum,
735 1592 803 1650 dum
816 1592 928 1650 mobilis
942 1595 1021 1650 aetas.

280 1673 324 1730 Ac
336 1672 460 1748 primum
472 1673 550 1731 laxos
563 1673 644 1731 tenui
657 1673 692 1731 de
704 1672 809 1730 vimine
823 1671 920 1729 circlos

280 1751 390 1809 Cervici
402 1752 552 1824 subnecte;
573 1752 683 1824 dehinc,
696 1752 746 1809 ubi
758 1752 846 1810 libera
858 1751 931 1809 colla

280 1831 401 1890 Servitio
415 1798 584 1890 assuerint'
556 1832 644 1908 ,ipsis
658 1853 673 1890 e
686 1830 835 1908 torquibus
848 1834 930 1922 aptos

280 1910 302 1966 J
302 1930 377 1988 unge
390 1930 479 1987 pares,
492 1914 522 1970 et
535 1931 604 1988 coge
616 1911 736 1988 gradum
749 1910 893 1970 conferre
881 1930 1034 1987 Juvencos;

280 1990 377 2067 Atque
389 1990 465 2047 illis
453 2010 514 2068 Jam
527 2010 600 2066 saepe
613 1994 684 2048 rotae
697 1990 858 2048 ducantur
850 2010 947 2048 inanes

280 2069 337 2126 Per
349 2072 463 2141 terram,
476 2073 506 2128 et
519 2089 630 2128 summo
642 2069 764 2146 vestigia
776 2070 890 2146 pulvere
903 2069 1034 2145 signent.

281 2147 353 2206 Post
365 2149 458 2206 valido
471 2149 565 2207 nitens
578 2149 631 2206 sub
644 2149 766 2225 pondere
778 2148 890 2225 faginus
904 2149 963 2206 axis

281 2226 436 2304 Instrepat,
450 2231 480 2286 et
489 2228 604 2306 junctos
617 2232 695 2286 temo
708 2228 806 2287 trahat
819 2247 907 2285 aereus
921 2229 1011 2286 orbes.

281 2306 395 2364 Interea
407 2306 476 2385 pubi
488 2307 637 2365 indomitae
649 2328 707 2364 non
720 2306 850 2385 gramina
861 2310 988 2378 tantum,

280 2385 344 2443 Nec
356 2405 451 2444 vescas
465 2386 582 2445 salicum
593 2387 705 2445 frondes
718 2386 868 2463 ulvamque
881 2353 1044 2464 palustrem,

281 2465 337 2522 Sed
349 2465 492 2524 frumenta
503 2486 591 2523 manu
604 2486 699 2542 carpes
712 2469 782 2524 sata
822 2466 885 2524 Nec
898 2467 953 2524 tibi
965 2466 1040 2535 fetae,

281 2544 360 2602 More
373 2547 496 2636 patrum,
509 2545 591 2603 nivea
603 2546 762 2623 implebunt
776 2545 939 2603 mulctraria
951 2565 1052 2616 vaccae,

281 2623 337 2681 Sed
349 2624 433 2682 tota
425 2645 456 2681 m
469 2624 563 2682 dulces
577 2628 743 2683 consument
755 2625 842 2683 ubera
853 2628 945 2683 natos.

320 2702 370 2760 Sin
383 2703 420 2760 ad
431 2703 505 2762 bella
517 2703 607 2780 magis
620 2704 747 2761 studium
759 2707 923 2781 turmasque
935 2705 1050 2775 seroces,

280 2782 343 2839 Aut
355 2782 467 2859 Alphea
479 2783 549 2841 rotis
563 2783 677 2859 praelabi
690 2783 808 2841 flumina
822 2783 904 2854 Pisae,

280 2861 322 2919 Et
336 2861 358 2917 J
359 2862 418 2920 ovis
430 2861 461 2919 in
473 2862 536 2919 luco
550 2882 647 2920 currus
660 2862 768 2939 agitare
781 2863 908 2920 volantes
919 2887 926 2933 ;

282 2940 394 2999 Primus
408 2941 472 3018 equi
484 2940 563 2999 labor
576 2944 620 3000 est
633 2942 741 2999 animos
754 2945 839 3019 atque
852 2961 931 2999 arma
942 2942 1037 3000 videre

281 3019 445 3078 Bellantum
446 3020 607 3098 ,lituosque
618 3020 688 3097 pati,
700 3023 849 3098 tractuque
861 3025 1023 3098 gementem

281 3099 367 3158 Ferre
380 3066 482 3171 rotain,
495 3103 525 3158 et
538 3101 650 3158 stabulo
662 3101 756 3158 frenos
769 3101 864 3158 audire
878 3104 1030 3172 sonantes;

281 3178 356 3235 Tum
369 3179 460 3256 magis
473 3145 557 3255 Atque
570 3179 661 3256 magis
673 3179 784 3237 blandis
798 3179 919 3271 gandere
932 3181 1064 3258 magistri

281 3257 434 3328 Laudibus,
447 3260 477 3317 et
489 3258 594 3351 plausae
607 3259 732 3316 sonitum
745 3259 860 3317 cervicis
873 3279 975 3318 amare.

280 3337 377 3413 Atque
389 3336 471 3394 haec
459 3357 521 3414 Jam
532 3339 624 3429 primo
637 3338 769 3415 depulsus
783 3339 819 3397 ab
832 3338 918 3397 ubere
930 3338 1032 3397 matris

281 3415 424 3473 Audeat
396 3436 500 3492 ,mque
513 3417 603 3475 vicem
617 3418 665 3475 det
679 3418 811 3476 mollibus
825 3437 874 3476 ora
886 3418 1015 3495 capistris

282 3493 436 3565 Inralidus,
450 3495 590 3586 etiamque
602 3498 735 3568 tremens,
749 3497 856 3555 etiam'
848 3498 953 3556 ruscius
966 3498 1029 3556 aevi.

281 3573 324 3630 At
336 3574 427 3631 tribus
441 3574 554 3645 exactis,
566 3575 616 3632 ubi
629 3580 729 3651 quarta
742 3576 889 3634 accesserit
902 3581 996 3649 aestas,

283 3652 402 3729 Carpere
415 3672 480 3711 mox
493 3673 597 3730 gyrum
609 3655 735 3730 incipiat,
747 3655 935 3732 gradibusque
949 3677 1049 3715 sonare

282 3730 461 3807 Compositis,
475 3732 622 3809 sinuetque
635 3733 743 3792 alterna
753 3734 898 3793 volumina
911 3755 1034 3808 crurum,

282 3810 381 3888 Sitque
393 3810 532 3869 laboranti
545 3811 659 3884 similis;
678 3815 742 3870 tum
755 3814 881 3872 cursibus
894 3835 984 3887 auras,

279 3889 353 3948 Tum
368 3893 506 3962 vocatae
517 3910 568 3969 per
580 3858 677 3971 aperta
688 3891 794 3964 volans,
808 3913 860 3951 ceu
871 3893 942 3952 liber
954 3894 1082 3968 habenis,

143 4000 168 4031 ι
264 3967 451 4049 AEquora,
421 3991 472 4032 ux
485 3992 601 4037 summa
612 3971 738 4054 vestigia
747 3938 839 4053 pohat
850 3993 953 4032 arena:
