2506 4298
485 212 776 256 spumosarum.
1042 201 1101 259 883

150 354 267 414 Talibus
280 354 395 413 incensa
407 356 451 413 est
459 354 598 433 juvenum
612 355 755 414 sententia
767 355 851 414 dictis

150 435 173 493 J
173 455 221 493 am
233 435 325 512 magis
338 438 424 512 atque
437 434 544 512 magis3
565 435 706 512 serpitque
720 456 770 512 per
783 435 898 513 agmina
910 456 1046 494 murmur.

150 514 213 592 Ipsi
226 514 383 573 Laurentes
396 515 511 586 mutati,
523 514 632 592 ipsique
646 515 759 573 Latini:

150 593 208 666 Qui
221 594 275 652 sibi
283 594 344 672 jam
356 594 482 670 requiem
494 615 598 673 pugnae
611 595 748 670 rebusque
762 594 882 653 salutem

150 673 316 750 Sperabant,
330 694 406 732 nunc
420 693 499 732 arma
510 674 621 746 volunt,
635 675 780 750 foedusque
794 677 944 752 precantur

149 753 304 824 Infectum‚
319 756 348 811 et
362 753 453 810 Turni
466 756 573 812 sortem
586 753 756 812 miserantur
768 753 904 830 iniquam.

149 832 209 890 His
223 832 300 891 aliud
313 833 403 909 majus
417 832 545 891 Jutuma
558 833 696 911 adjungit,
711 839 740 892 ct
754 834 813 892 alto

149 911 212 970 Dat
228 912 443 988 signumcoe103
464 932 519 988 quo
532 932 590 970 non
603 913 768 989 prasentius
782 913 873 970 ullum

149 991 291 1050 Turbavit
304 995 414 1050 mentes
428 991 526 1063 Italas,
540 995 722 1069 monstroque
735 992 844 1050 fefellit.

149 1070 284 1149 Namque
297 1072 395 1130 volans
408 1072 494 1129 rubra
506 1072 599 1129 fulvus
613 1070 635 1128 J
635 1072 695 1130 ovis
709 1072 765 1130 ales
778 1072 809 1130 in
822 1072 915 1131 aetbra

150 1150 281 1209 Litoreas
294 1151 422 1228 agitabat
436 1171 501 1209 aves
513 1151 684 1226 turbamque
697 1154 846 1209 sonantem

150 1230 284 1308 Agminis
298 1231 411 1308 aligeri;
432 1231 527 1288 subito
540 1251 628 1306 quum
641 1231 736 1307 lapsus
749 1231 786 1288 ad
797 1232 887 1290 undas

151 1309 282 1388 Cycnum
295 1311 477 1369 excellentem
490 1311 608 1388 pedibus
621 1311 696 1386 rapit
709 1309 853 1386 improbus
866 1310 955 1370 uncis.

150 1391 288 1448 Arrexere
301 1391 410 1448 animos
425 1390 502 1460 Itali,
516 1393 680 1467 cunctaeque
692 1389 820 1448 volucres

151 1468 331 1528 convertunt
345 1469 466 1528 clamore
478 1470 585 1548 fugam,
598 1469 725 1528 mirabile
737 1469 808 1542 visu,

151 1548 327 1625 AEtheraque
340 1550 492 1608 obscurant
506 1549 615 1627 pennis,
627 1549 795 1626 hostemque
808 1568 857 1626 per
870 1568 950 1608 auras

152 1628 243 1688 Facta
256 1630 331 1687 nube
343 1633 493 1706 premunt:
515 1630 603 1688 donec
615 1629 645 1686 vi
657 1628 750 1700 victis,
763 1632 793 1687 et
805 1629 867 1706 ipso

151 1707 281 1768 Pondere
294 1708 406 1780 defecit,
419 1710 599 1787 praedamque
612 1729 646 1766 ex
659 1709 804 1786 unguibus
818 1708 875 1767 ales

151 1787 277 1867 Projccit
290 1788 386 1860 fluvio,
399 1789 568 1866 penitusque
581 1789 611 1846 in
624 1789 722 1846 nubila
734 1789 820 1865 fugit.

152 1867 229 1926 Tum
241 1888 307 1926 vero
322 1869 473 1946 augurium
486 1868 591 1927 Rutuli
603 1869 724 1927 clamore
738 1869 872 1938 salutant,

151 1947 372 2025 Expediuntque
385 1968 502 2020 manus;
522 1948 684 2026 primusque
698 1947 865 2006 Tolumnius
879 1966 976 2024 augur,

152 2028 245 2086 “Hoc
259 2031 328 2100 erat,
342 2028 396 2085 hoc
408 2028 513 2099 votis,’'
527 2027 630 2104 inquit,
644 2031 661 2058 “
672 2027 748 2103 quod
761 2046 834 2104 saepe
847 2026 953 2104 petivi:

152 2107 278 2185 Accipio,
292 2127 469 2184 agnoscoque
482 2108 564 2165 deos:
585 2127 640 2178 me,
654 2127 700 2165 me
714 2107 784 2165 duce
797 2107 903 2165 ferrum

153 2186 302 2264 Corripitc,
316 2208 333 2246 o
346 2187 450 2258 miseri,
464 2207 533 2263 quos
546 2186 691 2263 improbus
705 2187 812 2245 advena
824 2186 899 2245 bello

153 2267 287 2336 Territat,
300 2266 437 2324 invalidas
449 2269 484 2324 ut
497 2286 562 2325 aves
575 2269 605 2324 et
618 2266 703 2324 litora
715 2269 811 2324 vestra

152 2345 191 2404 Vi
203 2346 330 2424 populat.
371 2345 457 2405 Petet
469 2346 517 2404 ille
529 2346 637 2424 fugam,
650 2346 818 2424 penitusque
831 2343 969 2424 profundo

152 2424 225 2484 Vela
237 2426 325 2484 dabit.
365 2424 425 2484 Vos
438 2426 567 2484 unanimi
580 2427 696 2484 densata
710 2429 836 2484 catervas

153 2505 196 2563 Et
209 2526 305 2583 regem
318 2505 398 2564 vobis
412 2526 509 2583 pugna
521 2506 664 2565 defendite
677 2506 821 2583 raptum.’'

153 2585 246 2657 Dixit,
260 2588 290 2643 et
304 2585 433 2644 adversos
447 2586 538 2644 telum
551 2585 690 2644 contorsit
703 2586 734 2642 in
746 2585 843 2643 hostes

154 2665 343 2738 Procurrens3
362 2665 489 2723 sonitum
502 2664 552 2723 dat
565 2665 687 2722 stridula
700 2685 809 2735 cornus,
823 2667 854 2722 et
867 2682 947 2721 auras

154 2744 241 2802 Certa
253 2748 338 2803 secat.
379 2745 471 2802 Simul
483 2743 546 2815 hoc,
560 2744 645 2802 simul
657 2744 757 2821 ingens
771 2742 884 2816 clamor,
897 2745 928 2801 et
940 2760 1038 2800 omnes

155 2824 276 2883 Turbati
290 2824 379 2896 cunei,
393 2824 581 2899 calefactaque
595 2823 679 2882 corda
691 2822 830 2880 tumultu.

154 2903 251 2962 Hasta
262 2904 369 2976 volans,
382 2907 416 2962 ut
429 2905 502 2962 forte
515 2923 618 2962 novem
630 2902 819 2980 pulcherrima
830 2901 952 2959 fratrum

154 2982 280 3060 Corpora
292 2984 480 3043 constiterant
493 2986 601 3055 contra,
615 3003 685 3061 quos
698 2982 755 3040 fida
768 2984 876 3041 crearat

154 3062 222 3120 Una
234 3067 281 3121 tot
294 3064 416 3122 Arcadio
430 3062 532 3141 conjux
545 3063 693 3141 Tyrrhena
706 3061 821 3140 Gylipo,

153 3141 271 3201 Horum
283 3164 373 3201 unum
386 3144 422 3201 ad
435 3144 568 3216 medium,
581 3143 686 3201 teritur
699 3162 754 3220 qua
766 3141 860 3199 sutilis
873 3139 936 3198 alvo

154 3222 284 3294 Balteus,
297 3225 327 3281 et
340 3223 462 3281 laterum
471 3224 620 3301 juncturas
634 3222 721 3280 fibula
733 3221 853 3292 mordet,

154 3302 313 3380 Egregium
326 3303 417 3361 forma
425 3303 559 3380 juvenem
572 3306 602 3361 et
615 3301 789 3379 fulgentibus
803 3300 897 3371 armis,

154 3381 337 3460 lbansadigit
350 3386 452 3455 costas,
465 3376 596 3458 fulv‘dque
609 3382 730 3440 effundit
743 3362 835 3439 areni.

154 3463 197 3520 At
210 3463 321 3534 fratres,
334 3463 460 3521 animosa
472 3462 595 3540 phalanx
608 3480 778 3539 accensaque
790 3461 879 3531 luctu,

155 3542 227 3600 Pars
240 3543 350 3621 gladios
363 3543 511 3620 stringimt
524 3542 663 3613 manibus,
677 3562 741 3619 pars
753 3540 859 3599 missile
872 3539 978 3597 ferrum

156 3621 330 3699 corripiunt,
344 3622 468 3699 caecique
481 3625 579 3680 ruunt.
620 3622 698 3694 Quos
712 3620 828 3699 agmina
841 3622 941 3678 contra

155 3701 332 3760 Procurrunt
345 3702 539 3761 Laurentum:
559 3702 626 3760 hinc
640 3701 719 3759 densi
731 3720 828 3758 rursus
840 3697 984 3758 inundant

156 3781 246 3840 Trobs
259 3781 444 3860 Agyllinique
457 3785 487 3840 et
500 3781 585 3860 pictis
598 3781 723 3839 Arcades
736 3779 831 3838 armis.

156 3860 204 3919 Sic
217 3881 315 3921 omnes
329 3881 409 3921 amor
422 3883 496 3919 unus
509 3861 597 3920 habet
610 3861 757 3920 decernere
769 3859 852 3918 ferro.

155 3938 306 4019 Diripuere
319 3961 381 4001 aras
391 3966 400 4015 3
419 3941 445 4000 it
458 3944 523 4001 toto
535 3939 653 4001 turbida
664 3940 736 4002 coelo
