2506 4298
143 221 202 281 282
445 237 472 278 r.
485 235 627 279 marm
646 236 789 281 morus

142 378 273 437 Infernas
286 380 392 438 reseret
405 379 493 451 sedes,
506 382 537 438 et
549 399 638 456 regna
649 378 779 438 recludat

141 459 260 531 Pallida,
274 459 318 517 dis
331 459 437 531 invisa;
457 479 594 536 superque
606 459 731 518 immane
744 459 912 519 barathrum

142 538 290 610 Cematun
303 539 503 616 trepidantque
515 538 643 596 immisso
656 539 763 597 lumine
776 560 882 600 manes.

142 619 222 696 Ergo
235 619 379 695 insperata
391 619 560 696 deprensum
573 618 604 675 in
616 618 679 676 luce
692 624 817 696 repente,

142 698 347 776 Inclusumque
360 719 429 757 cavo
443 719 518 769 saxo,
532 701 618 774 atque
631 698 744 756 insueta
756 700 916 774 rudentem,

142 778 273 855 Desuper
284 777 399 836 Alcides
412 778 477 837 telis
491 778 604 855 premit,
618 778 769 855 omniaque
782 798 862 837 arma

142 857 282 930 Advocat,
296 861 326 916 et
339 857 425 915 ramis
438 858 582 934 vastisque
594 857 749 916 molaribus
762 858 862 917 instat.

143 937 198 996 Hle
211 941 316 1009 autem,
331 957 422 1014 neque
435 937 512 995 enim
525 937 594 1014 fuga
602 937 662 1015 jam
677 957 761 1014 super
774 939 834 996 ulla
845 938 951 1017 pericli,

143 1016 285 1076 Faucibus
298 1016 445 1094 ingentem
458 1018 579 1087 fumum,
592 1016 720 1075 mirabile
734 1017 823 1090 dictu,

142 1096 271 1168 Evomit,
283 1096 461 1174 involvitque
474 1097 592 1154 domum
604 1096 724 1174 caligine
738 1117 818 1170 caeca,

143 1175 332 1253 Prospectum
345 1177 465 1253 eripiens
478 1176 583 1247 oculis;
603 1176 800 1254 glomeratque
813 1178 866 1237 sub
879 1179 964 1236 antro

143 1255 319 1315 Fumiferam
332 1261 446 1314 noctem
460 1256 622 1314 commixtis
635 1255 702 1333 igne
715 1257 848 1315 tenebris.

143 1335 212 1394 Non
224 1336 295 1394 tulit
307 1336 422 1394 Aloidas
435 1335 546 1406 animis,
560 1355 645 1410 seque
658 1336 718 1413 ipse
731 1356 782 1413 per
794 1337 893 1415 ignem

144 1414 290 1494 Praecipiti
301 1414 399 1493 injecit
414 1416 498 1487 saltu,
512 1434 568 1490 qua
580 1414 719 1491 plurimus
733 1415 840 1474 undam

144 1495 256 1553 Fumus
269 1495 339 1572 agit,
353 1495 510 1571 nebulaque
522 1495 624 1572 ingens
637 1515 736 1572 aqrcous
750 1499 853 1554 aestuat
866 1497 938 1554 atra.

144 1574 204 1633 Hie
218 1574 325 1632 Cacum
337 1575 368 1632 in
381 1574 506 1633 tenebris
519 1573 649 1632 incendia
662 1594 735 1632 vana
749 1578 912 1633 vomentem

144 1653 270 1732 Corripit
282 1655 312 1712 in
325 1655 434 1713 nodum
447 1654 617 1730 complexus,
631 1656 661 1711 et
675 1653 757 1731 angit
769 1654 912 1714 inhaerens

145 1734 239 1792 Elisos
252 1735 357 1804 oculos,
371 1738 401 1792 et
415 1735 521 1792 siccum
535 1733 673 1811 sanguine
686 1737 798 1811 guttur.

144 1813 287 1872 Panditur
299 1814 441 1891 extemplo
454 1814 562 1872 foribus
575 1813 677 1871 domus
691 1814 754 1871 atra
766 1813 893 1886 revulsis,

142 1893 358 1969 Abstractaeque
371 1894 457 1952 boves
470 1893 662 1970 abjurataeque
673 1892 782 1970 rapina

144 1971 223 2032 Ocelo
237 1974 436 2046 ostenduntur,
450 1973 623 2050 pedibusque
636 1973 758 2031 informe
771 1973 891 2032 cadaver

144 2052 337 2111 Protrahitur.
377 2053 534 2130 Nequeunt
548 2052 653 2130 expleri
665 2052 751 2110 corda
762 2053 871 2111 tuendo

144 2132 294 2191 Terribiles
308 2132 413 2204 oculoS,
427 2133 549 2204 vultum,
563 2132 717 2209 villosaque
730 2132 810 2190 soetis

143 2211 266 2271 Pectora
279 2212 409 2283 semiferi,
423 2216 509 2289 atque
522 2212 678 2270 exstinctos
692 2212 819 2270 faucibus
832 2211 923 2289 ignes.

144 2291 191 2348 Ex
204 2292 253 2350 illo
267 2291 423 2349 celebratus
436 2292 536 2362 honos,
549 2291 664 2368 laetique
676 2291 800 2349 minores

144 2371 296 2429 servavere
310 2371 393 2442 diem,
407 2371 571 2447 primusque
584 2370 712 2430 Potitius
726 2375 834 2443 auctor,

144 2451 187 2508 Et
201 2450 303 2508 domus
317 2450 453 2508 Herculei
467 2457 563 2509 custos
577 2450 693 2508 Pinaria
706 2451 786 2509 sacri.

147 2530 247 2606 [Hanc
260 2550 338 2587 aram
351 2530 416 2588 luco
430 2530 542 2600 statuit,
557 2551 620 2606 quae
634 2530 763 2588 Maxima
776 2550 887 2608 semper

144 2610 266 2668 Dicetur
278 2610 369 2681 nobis,
383 2610 481 2668 eterit
495 2628 559 2687 quae
573 2610 696 2667 maxima
709 2610 841 2687 semper]

145 2691 239 2761 Quare
252 2690 338 2767 agite,
352 2710 369 2747 o
378 2689 506 2767 juvenes,
520 2692 668 2747 tantarum
680 2689 712 2747 in
725 2710 841 2748 munere
854 2689 971 2747 laudum

145 2769 262 2847 cingin
274 2769 373 2828 fronde
387 2789 490 2839 comas,
504 2772 533 2827 et
547 2769 648 2845 pocula
660 2769 773 2846 porgite
787 2769 903 2840 dextris,
1004 2834 1009 2847 ι

145 2848 388 2926 Communemque
401 2852 501 2907 vocate
514 2849 608 2920 deum,
622 2853 652 2907 et
665 2849 731 2907 date
744 2848 811 2907 vina
823 2848 982 2908 volentes.’'

146 2929 282 2988 Dixerat:
304 2916 447 2987 Herculei
459 2929 565 2987 bicolor
578 2948 667 3004 quum
681 2926 801 3006 populus
815 2918 918 2988 umbri

145 3008 314 3085 Velavitque
328 3028 431 3079 comae,
444 3008 574 3084 foliisque
586 3009 690 3065 innexa
702 3009 846 3085 pependit,

146 3089 188 3146 Et
202 3109 280 3146 sacer
292 3088 423 3165 implevit
436 3089 566 3145 dextram
579 3087 712 3164 scyphus.
754 3088 841 3146 Ocius
854 3107 952 3147 omnes

148 3167 185 3225 In
198 3188 326 3226 mensam
338 3167 400 3226 laeti
412 3167 514 3237 libant,
528 3167 663 3242 divosque
676 3177 833 3244 precantur.

186 3246 303 3305 Devexo
316 3247 424 3305 interea
436 3247 550 3324 propior
563 3247 598 3304 fit
612 3246 719 3322 Vesper
732 3246 867 3325 Olympo.

147 3324 271 3403 Jamque
285 3327 443 3384 sacerdotes
456 3326 620 3402 primusque
633 3326 761 3384 Potitius
774 3327 856 3386 ibant

147 3404 274 3464 Pellibus
287 3405 317 3463 in
330 3425 440 3464 morem
453 3405 548 3478 cincti,
561 3407 745 3483 flammasque
757 3406 895 3466 ferebant.

150 3483 333 3560 [Instaurant
346 3485 451 3562 epulas,
465 3489 495 3544 et
508 3504 616 3544 mensae
628 3489 711 3563 grata
724 3488 856 3545 secundas

147 3563 233 3623 Dona
246 3564 351 3634 ferunt,
364 3565 567 3642 cumulantque
579 3566 703 3624 oneratis
716 3566 845 3625 lancibus
857 3565 945 3644 aras]

149 3643 225 3700 Tum
238 3643 307 3701 Salii
319 3644 355 3701 ad
369 3646 469 3702 cantus
482 3645 597 3703 incensa
610 3645 711 3703 altaria
723 3645 831 3717 circum

148 3721 282 3799 Populeis
295 3723 400 3781 adsunt
414 3723 520 3782 evincti
532 3728 663 3802 tempora
674 3725 777 3798 ramis;

148 3801 208 3860 Hic
217 3802 357 3880 juvenum
370 3803 482 3874 chorus,
494 3803 542 3862 ille
555 3824 664 3877 senum,
678 3805 728 3881 qui
741 3804 866 3864 carmine
877 3804 977 3864 laudes

149 3880 305 3940 Herculeas
319 3886 349 3941 et
362 3882 439 3940 facta
450 3883 564 3942 ferunt:
584 3887 620 3942 ut
633 3884 726 3961 prima
737 3902 869 3942 novercae

149 3960 284 4021 Monstra
295 3982 383 4021 manu
395 3961 580 4040 geminosque
592 3983 724 4042 premens
737 3963 844 4024 eliserit
857 3962 979 4042 anguis3
