2506 4298
457 217 599 260 aramus
613 218 675 260 am.
689 219 763 261 ιιιι.
1025 204 1084 262 283

134 360 179 418 Ut
191 360 266 419 bello
279 359 407 437 egregias
420 360 496 418 idem
511 359 652 437 disjecerit
665 361 758 430 urbes,

134 439 305 518 Trojamque
320 439 551 515 OEchaliamque3
571 445 606 497 ut
619 440 704 498 duros
718 440 795 499 mille
807 440 918 499 labores

134 519 216 597 Rege
230 521 283 578 sub
297 520 470 597 Eurystheo,
485 520 551 576 fatis
564 519 585 576 J
587 520 688 577 unonis
701 521 815 597 iniquae,

135 599 300 658 Pertulerit.
341 605 357 629 “
367 599 413 656 Τιι
425 598 590 676 nubigenas,
603 599 718 670 invicte,
732 600 901 658 bimembres

135 678 329 757 Hylaeumque
343 679 522 755 Pholumque
536 699 622 736 manu
635 682 670 737 tu
683 678 780 737 Cresia
793 685 901 738 mactas

135 759 279 836 Prodigia,
293 761 323 818 et
336 764 450 816 vastum
465 758 569 816 Nemia
582 759 635 816 sub
649 779 718 835 rupe
731 758 851 818 leonem.

135 838 177 896 Te
191 839 287 916 Stygii
300 843 440 897 tremuere
453 838 538 908 lacus,
552 842 582 896 te
591 838 700 916 janitor
713 839 780 896 Orci

136 917 208 976 Ossa
221 939 305 996 super
318 919 454 976 recubans
467 922 551 975 antro
564 938 672 976 semesa
684 922 819 990 cruento,

135 997 199 1057 Nec
212 1001 242 1056 te
255 999 321 1055 ullae
334 997 427 1068 facies,
441 1018 498 1055 non
512 997 617 1055 terruit
630 998 690 1074 ipse
704 998 852 1075 Typhoeus

135 1078 252 1135 Arduus
265 1098 344 1136 arma
356 1081 474 1147 tenens3
495 1097 551 1134 non
565 1082 596 1135 te
609 1077 728 1135 rationis
741 1083 875 1155 egentem

136 1157 273 1215 Lernaeus
286 1158 372 1215 turba
379 1157 510 1234 *capitum
524 1157 714 1215 circumstetit
728 1159 838 1234 anguis.

136 1236 226 1308 Salve,
240 1257 307 1295 vera
320 1236 341 1294 J
342 1237 403 1294 ovis
416 1237 516 1313 proles,
530 1237 615 1294 decus
629 1237 725 1295 addite
739 1238 829 1309 divis;

135 1317 179 1374 Et
192 1337 244 1374 nos
257 1320 287 1375 et
300 1320 353 1374 tua
365 1317 465 1374 dexter
478 1316 523 1373 adi
536 1317 607 1393 pede
621 1337 699 1374 sacra
712 1317 865 1374 secundo.'’

136 1396 217 1454 Talia
230 1396 400 1454 carminibus
415 1396 573 1454 celebrant:
594 1416 679 1472 super
692 1397 787 1454 omnia
801 1396 867 1455 Caci
919 1445 922 1452 .

136 1475 305 1553 Speluncam
318 1476 464 1554 adjiciunt,
478 1475 688 1552 spirantemque
701 1476 815 1553 ignibus
828 1477 922 1553 ipsum

136 1554 283 1614 Consonat
296 1576 379 1614 omne
392 1576 493 1613 nemus
507 1556 638 1631 strepitu,
653 1556 792 1631 collesque
805 1556 956 1615 resultant.

175 1635 253 1693 Exin
266 1655 296 1694 se
309 1635 406 1694 cuncti
419 1634 523 1693 divinis
535 1636 619 1693 rebus
633 1635 668 1693 ad
681 1636 781 1693 urbem

136 1715 274 1774 Perfectis
287 1715 423 1773 referunt.
464 1715 532 1773 lbat
545 1735 595 1772 rex
608 1715 718 1772 obsitus
731 1734 801 1786 aevu,

136 1796 179 1852 Et
192 1794 327 1853 comitem
340 1795 452 1852 AEncan
461 1794 547 1872 juxta
559 1798 715 1870 natumque
729 1795 846 1853 tenebat

86 1904 109 1922 ν-
136 1874 313 1952 Ingrediens,
326 1875 460 1952 varioque
473 1874 548 1931 viam
564 1893 691 1932 sermone
705 1873 826 1932 levabat.

136 1954 271 2026 Miratur,
284 1953 435 2030 facilesque
448 1953 545 2012 oculos
558 1954 614 2012 fert
627 1953 723 2011 omnia
736 1954 843 2012 circum

136 2033 252 2104 AEneas,
266 2033 432 2111 capiturque
446 2033 533 2104 locis;
553 2037 584 2091 et
597 2033 710 2111 singula
722 2032 807 2091 laetus

136 2113 327 2191 Exquiritque
340 2114 476 2190 auditque
489 2113 583 2170 virum
596 2116 782 2171 monumenta
795 2113 930 2190 priorum.

136 2193 213 2251 Τιιιιι
225 2213 274 2252 rex
288 2194 448 2264 Evandrus,
462 2192 603 2250 Romanae
617 2193 747 2251 conditor
761 2194 847 2251 arcis·

137 2273 238 2331 “Haeo
251 2293 367 2332 nemora
379 2273 522 2364 indigenae
537 2273 631 2330 Fauni
641 2273 843 2350 Nymphaque
855 2273 1001 2344 tenebant,

137 2352 309 2429 Gensque
283 2372 377 2410 virum
390 2352 500 2410 truncis
514 2355 544 2411 et
557 2352 628 2410 duro
641 2354 741 2411 robore
754 2357 839 2411 nata.
990 2364 1042 2413 ω
1071 2388 1095 2407 ,.
1149 2376 1154 2387 ¹
1204 2366 1212 2381 ¹

137 2433 223 2504 Queis
237 2452 347 2510 neque
338 2452 400 2490 mos
410 2452 501 2509 neque
514 2432 608 2490 cultus
622 2436 699 2504 erat3
720 2453 772 2491 nec
780 2433 902 2511 jungere
914 2414 1021 2505 tauros,

136 2513 200 2570 Aut
213 2532 380 2590 componere
393 2532 460 2589 opes
474 2516 586 2584 norant,
601 2515 652 2570 aut
665 2532 777 2589 parcere
790 2519 890 2590 parto:

38 2582 61 2603 ''
138 2592 193 2652 Sed
206 2612 278 2650 rami
269 2592 377 2669 atque
392 2612 473 2669 asper
486 2591 566 2650 victu
579 2558 699 2650 irenatus
713 2591 816 2650 alebat.

138 2671 252 2730 Primus
266 2671 301 2730 ab
315 2671 431 2730 aetherio
445 2671 525 2730 venit
539 2671 679 2729 Saturnus
693 2671 826 2748 Olympo,

137 2752 227 2810 Arma
240 2750 307 2808 J
263 2771 323 2809 ovrs
336 2751 448 2842 fugiens
462 2753 492 2809 et
504 2751 599 2827 regnis
613 2751 692 2809 exsul
705 2751 835 2808 ademtis.

138 2831 170 2889 Is
183 2851 273 2908 genus
286 2798 407 2889 indocile
420 2851 453 2888 ac
466 2830 624 2907 dispersum
637 2830 783 2888 montibus
797 2830 863 2888 altis

139 2909 316 2988 Composuit,
329 2910 461 2988 legesque
474 2910 562 2980 dedit,
576 2909 749 3001 Latiumque
761 2909 857 2968 vocari

139 2990 255 3062 Maluit,
268 2990 314 3047 his
301 2989 462 3067 squoniam
475 2989 606 3047 latuisset
619 2989 723 3047 tutus
714 3009 746 3046 m
759 2989 824 3047 oris.

138 3070 235 3128 Aurea
247 3087 312 3147 quaa
324 3069 484 3147 perhibent,
497 3069 546 3127 illo
560 3068 613 3126 sub
626 3088 692 3146 rege
705 3069 822 3127 suerunt
841 3076 894 3139 ι(

139 3149 261 3208 Saecula:
283 3149 323 3207 sic
336 3144 598 3239 placidt‘populos
590 3167 621 3204 m
634 3168 702 3225 pace
715 3149 850 3226 regebat3

138 3229 273 3287 Deterior
285 3228 375 3287 donec
388 3227 527 3305 paulatim
541 3247 574 3286 ac
587 3228 700 3285 decolor
713 3233 782 3286 aetas

138 3308 181 3366 Et
193 3308 262 3367 belli
275 3308 367 3367 rabies
380 3312 410 3366 et
423 3327 504 3366 amor
516 3307 652 3366 successit
665 3307 798 3365 habendi.

138 3387 216 3446 Tum
229 3407 329 3446 manus
343 3387 471 3445 Ausonia
484 3390 514 3444 ct
527 3389 627 3465 gentes
641 3406 741 3446 venere
755 3387 879 3459 Sicanae3

139 3467 248 3545 Saepius
262 3472 292 3526 et
304 3487 409 3526 nomen
422 3467 519 3559 posuit
533 3466 666 3524 Saturnia
678 3466 772 3524 tellus

140 3547 216 3606 ἰἰιιιι
229 3567 318 3625 reges,
332 3567 467 3623 asperque
480 3546 599 3604 immani
612 3566 727 3637 corpore
740 3544 875 3622 Thybris,

138 3628 167 3684 A
180 3647 237 3704 quo
250 3630 317 3705 post
330 3627 400 3685 Itali
413 3626 533 3683 fluvium
546 3625 714 3703 cognomine
727 3625 791 3703 Thy
796 3625 870 3683 brim

139 3706 289 3778 Diximus3
310 3706 406 3765 amisit
419 3726 518 3764 verum
532 3708 615 3763 vetus
628 3705 733 3762 Albula
745 3725 858 3764 nomen.

139 3786 191 3845 Me
203 3786 318 3864 pulsum
331 3774 432 3878 patria,
445 3785 594 3863 pelagique
607 3789 735 3843 extrema
747 3787 921 3862 sequentem,

140 3865 272 3925 Fortuna
284 3866 465 3943 omnipotens
478 3868 509 3923 et
521 3864 701 3923 ineluctabile
713 3864 807 3922 satum

139 3945 197 4005 His
209 3964 328 4025 posuere
340 3944 427 4018 locis;
446 3943 602 4022 matrisque
614 3964 697 4023 egere
708 3943 858 4003 tremenda
