2506 4298
480 225 658 270 suoufflcou
671 227 734 269 IsIB.
747 227 798 269 111.

169 364 267 430 uetes
279 389 379 447 equus,
391 369 541 447 fontesque
554 369 702 442 avertitur,
715 373 746 428 et
757 369 829 448 pede
840 373 947 430 terram

166 447 274 510 Crebra
286 450 370 523 ferit余
390 449 518 508 demissae
531 469 628 521 aures余
648 450 773 508 incertus
786 450 891 509 ibidem

162 527 265 604 Sudor,
279 533 309 588 et
321 529 370 588 ille
382 529 496 607 quidem
509 529 654 588 morituris
666 529 801 606 frigidus3
821 534 882 588 aret

157 604 261 682 Pellis,
276 613 306 669 et
320 610 357 668 ad
367 611 480 668 tactum
491 609 630 668 tractanti
643 609 713 666 dura
725 609 841 667 resistit.

153 685 237 748 Haec
251 692 319 748 ante
332 688 453 748 exitium
464 688 564 766 primis
577 689 647 746 dant
660 689 743 766 signa
755 689 862 748 diebus.

154 767 213 826 Sin
226 769 258 826 in
271 786 403 846 processu
416 768 503 846 coepit
516 768 677 827 crudescere
689 768 821 827 morbus:

149 845 239 906 Tum
251 868 320 907 vero
332 848 462 907 ardentes
475 848 559 919 oculi,
572 851 656 926 atque
669 851 809 906 attractus
823 848 858 906 ab
871 848 931 907 alto

150 926 295 1004 Spiritus,
307 928 452 987 interdum
464 927 575 1005 gemitu
587 928 698 1005 gravis余
717 927 828 1005 imoque
840 928 926 1006 longo

151 1004 220 1066 Ilia
232 1008 362 1086 singultu
370 1008 494 1066 tendunt
503 1032 511 1079 3
529 1007 555 1066 it
567 1007 682 1066 naribus
695 1010 757 1065 ater

153 1088 293 1165 Sanguis,
307 1090 337 1146 et
350 1087 475 1147 obsessas
488 1087 582 1146 fauces
594 1087 698 1165 premit
711 1107 808 1163 aspera
820 1087 934 1166 lingua:

154 1165 277 1227 Profiiit
288 1168 395 1226 inserto
407 1167 504 1226 latices
517 1167 663 1225 infundere
676 1186 764 1225 cornu

159 1248 300 1319 Lenaeos3
319 1267 352 1306 ee
364 1247 425 1306 visa
437 1247 513 1306 selus
527 1246 711 1305 morientibus
725 1266 790 1304 una.

160 1326 232 1386 Mox
245 1331 307 1386 erat
320 1329 374 1386 hoc
387 1328 480 1405 ipsum
494 1325 589 1398 exitio,
603 1326 737 1402 furiisque
751 1326 848 1385 refecti

163 1408 320 1478 Ardebant,
333 1407 441 1485 ipsique
454 1427 528 1478 suos,
537 1406 599 1484 jam
612 1409 704 1464 morte
718 1407 771 1464 sub
783 1425 869 1482 aegra,

166 1487 219 1563 (Di
232 1487 350 1545 meliora
362 1487 425 1564 piis,
438 1505 614 1562 erroremque
627 1485 757 1544 hostibus
770 1485 852 1543 illum
861 1485 882 1562 l)

164 1566 304 1626 Discissos
316 1566 400 1625 nudis
412 1566 557 1624 laniabunt
571 1565 703 1623 dentibus
717 1569 804 1623 artus.

164 1645 237 1705 Ecce
251 1650 348 1705 autem
361 1647 432 1705 duro
444 1646 556 1704 fumans
569 1645 622 1703 sub
635 1664 747 1703 vomere
760 1648 859 1702 taurus

165 1725 302 1798 Concidit,
316 1729 346 1784 et
358 1726 482 1783 mixtum
495 1724 602 1802 spumis
615 1723 706 1782 vomit
719 1744 767 1783 ore
776 1743 914 1794 cruorem,

165 1804 370 1882 Extremosque
384 1805 439 1864 ciet
452 1805 586 1882 gemitus.
626 1803 659 1862 It
671 1803 763 1862 tristis
777 1806 879 1874 arator,

164 1883 329 1944 Maerentem
342 1885 497 1962 abjungens
511 1885 635 1943 fraterna
646 1887 739 1942 morte
748 1883 910 1960 juvencum,

164 1964 258 2042 Atque
271 1985 354 2043 opere
367 1966 398 2022 in
410 1964 503 2023 medio
517 1964 608 2022 defixa
620 1963 754 2040 relinquit
768 1966 869 2021 aratra.

163 2042 228 2103 Non
241 2046 351 2103 umbrae
364 2045 487 2103 altorum
500 2063 656 2114 nemorum,
669 2063 728 2100 non
740 2042 836 2101 mollia
848 2045 967 2119 possunt

164 2121 250 2183 Prata
261 2144 374 2184 movere
386 2124 521 2196 animum,
536 2143 594 2181 non
607 2122 656 2199 qui
668 2142 718 2198 per
731 2143 797 2180 saxa
809 2122 924 2180 volutus

163 2201 263 2263 Purior
275 2204 380 2263 electro
393 2223 524 2280 campum
536 2202 611 2281 petit
624 2202 730 2261 amnis:
751 2204 782 2260 at
794 2201 852 2260 ima

163 2282 317 2342 Solvuntur
328 2285 426 2356 lutera,
440 2288 525 2359 atque
539 2282 634 2341 oculos
648 2287 748 2358 stupor
760 2285 845 2358 urget
857 2281 971 2352 inertes,

161 2363 206 2421 Ad
218 2366 381 2440 terramque
393 2362 458 2422 fluit
471 2362 576 2421 devexo
588 2362 711 2439 pondere
724 2362 826 2419 cervix.

162 2442 235 2515 Quid
248 2443 329 2502 labor
341 2446 392 2501 ant
405 2442 552 2501 benefacta
560 2440 688 2520 juvant?
708 2440 777 2518 quid
789 2461 902 2499 vomere
914 2444 1004 2499 terras

160 2521 316 2582 Invertisse
329 2521 452 2600 graves?
473 2522 552 2599 atqui
566 2542 624 2580 non
637 2520 757 2578 Massica
769 2519 876 2578 Bacchi

158 2601 287 2674 Munera,
300 2623 358 2661 non
371 2601 427 2660 illis
440 2601 532 2679 epulae
545 2621 664 2659 nocuere
677 2603 818 2676 repostae:

158 2680 321 2741 F'rondibus
334 2684 364 2741 et
377 2681 457 2740 victu
469 2685 623 2758 pascuntur
637 2679 771 2756 simplicis
784 2679 895 2749 herbae3

156 2760 267 2820 Pocula
278 2765 348 2821 sunt
360 2761 453 2821 fontes
465 2759 566 2836 liquidi
578 2763 663 2836 atque
676 2759 798 2817 exercita
810 2778 894 2817 cursu

157 2839 309 2914 Flumina3
329 2861 381 2900 nec
394 2859 508 2900 somnos
521 2840 665 2916 abrumpit
678 2859 745 2897 cura
758 2839 891 2897 salubres.

156 2920 297 2999 Tempore
309 2941 368 2980 non
380 2920 435 2979 alio
448 2920 547 2978 dicunt
560 2919 721 2997 regionibus
733 2918 789 2976 illis

155 2999 299 3071 Quaesitae
312 3001 350 3059 ad
361 3021 440 3059 sacra
451 3000 537 3058 boves
551 2998 572 3056 J
573 2999 682 3070 unonis,
696 3001 726 3056 et
739 2997 797 3056 uris

154 3078 318 3156 Imparibus
332 3080 432 3139 ductos
445 3080 504 3138 alta
515 3078 552 3138 ad
564 3078 679 3138 donaria
690 3097 797 3137 currus.

153 3160 238 3237 Ergo
251 3179 327 3238 aegre
340 3160 438 3218 rastris
451 3163 558 3218 terram
570 3159 718 3229 rimantur,
732 3159 762 3215 et
775 3156 843 3234 ipsis

153 3239 311 3317 Unguibus
323 3239 466 3298 infodiunt
480 3240 583 3316 fruges,
597 3241 763 3313 montesque
776 3257 826 3314 per
839 3234 912 3294 altos

154 3319 302 3378 Contenta
314 3320 420 3378 cervice
432 3318 553 3377 trahunt
566 3317 716 3376 stridentia
727 3317 863 3393 plaustra.

153 3399 226 3458 Non
238 3399 323 3476 lupus
335 3398 451 3458 insidias
465 3399 592 3476 explorat
605 3397 690 3456 ovilia
703 3396 817 3466 circum,

152 3478 218 3538 Nee
231 3479 366 3557 gregibus
378 3482 534 3537 nocturnus
548 3476 729 3546 obambulat3
749 3476 838 3533 acrior
850 3474 931 3532 illum

153 3558 231 3618 Cina
243 3559 360 3618 domat:
380 3557 476 3617 timidi
489 3559 580 3615 damoe
594 3556 723 3632 cervique
736 3556 850 3632 fugaces

152 3638 242 3698 Nunc
251 3639 383 3715 interque
396 3658 477 3696 canes
491 3641 521 3696 et
534 3637 640 3695 circum
651 3639 730 3694 tecta
741 3638 891 3712 vagentur.

152 3717 176 3776 J
176 3738 224 3776 am
235 3719 323 3778 maris
335 3718 466 3777 immensi
478 3717 586 3795 prolem
599 3720 629 3775 et
642 3735 731 3793 genus
744 3734 827 3772 omne
840 3716 1001 3786 natantum,

152 3797 253 3858 Litore
265 3798 297 3856 in
310 3800 445 3869 extremo,
455 3818 507 3856 ceu
518 3795 655 3873 naufraga
668 3814 791 3872 corpora,
805 3793 910 3852 fluctus

151 3877 285 3951 Proluit余
304 3877 428 3936 insolitae
439 3877 555 3955 fugiunt
568 3875 599 3933 in
611 3874 729 3934 flumina
741 3874 850 3953 phocae.

151 3956 262 4018 Interit
273 3960 306 4018 et
317 3956 410 4016 curris
419 3957 527 4016 frustm
539 3955 653 4017 defensa
664 3954 782 4017 latebris
