2506 4298
473 207 616 250 AENEIDOS
630 208 692 249 LIB.
707 209 736 250 X.

134 350 256 428 Spumea
269 349 397 408 semifero
411 349 464 408 sub
476 352 590 427 pectore
603 352 763 408 murmurat
775 351 860 408 unda.

133 430 192 488 Tot
204 430 272 489 lecti
284 450 412 506 proceres
425 434 470 488 ter
483 430 562 488 denis
576 430 695 488 navibus
708 430 790 487 ibant

133 509 265 568 Subsidio
278 510 382 586 Trojoe‚
396 513 426 567 et
439 529 553 586 campos
567 509 632 567 salis
645 529 699 568 aere
712 511 854 567 secabant.

172 589 295 666 Jamque
309 589 368 647 dies
382 589 452 647 coelo
466 593 649 661 concesserat,
663 589 791 665 almaque
804 609 889 647 curru

132 669 296 746 Noctivago
310 668 418 727 Phoebe
431 669 557 727 medium
570 668 701 746 pulsabat
715 669 889 746 Olympum:

132 749 247 820 AEneas,
260 768 350 824 neque
364 748 440 806 enim
453 748 588 807 membris
602 749 652 806 dat
666 768 733 806 cura
746 748 880 825 quictem,

133 828 199 906 Ipse
213 828 311 887 sedens
325 828 490 903 clavumque
503 828 578 905 regit
591 828 715 905 velisque
727 828 881 886 ministrat.

132 908 231 984 Atque
243 907 286 964 illi
299 907 392 966 medio
405 907 436 964 in
450 908 542 984 spatio
556 908 659 966 chorus
673 927 736 966 ecce
749 927 864 965 suarum

134 987 265 1046 Occurrit
278 987 433 1045 comitum:
455 987 611 1065 Nymphae,
624 1007 694 1064 quas
707 987 783 1045 alma
796 986 910 1065 Cybebe

132 1066 251 1125 Numen
264 1067 367 1125 habere
380 1066 475 1139 maris,
489 1067 521 1124 N
520 1067 697 1144 ymphasque
711 1087 726 1125 e
739 1067 858 1125 navibus
872 1085 931 1125 esse

133 1865 156 1922 J
156 1830 274 1934 usserat,
287 1862 426 1921 innabant
439 1863 553 1939 pariter,
567 1862 726 1939 fluctusque
739 1863 881 1936 secabant,

134 1944 213 2016 Quot
225 1943 303 2021 prius
317 1946 410 2000 aeratae
425 1945 565 2000 steterant
578 1943 614 2000 ad
626 1943 711 2000 litora
723 1961 823 2019 prorae.

132 2024 303 2100 Agnoscunt
316 2023 401 2100 longe
414 2042 519 2100 regem,
532 2023 712 2098 lustrantque
726 2023 877 2080 choreis.
890 2037 898 2075 ,ί
913 2048 936 2079 l:
947 2012 966 2081 ,ἶ
1039 2042 1070 2070 .,··

79 2140 93 2153 ,.
133 2103 268 2174 Quarum,
282 2122 346 2178 quae
360 2102 439 2160 sandi
451 2102 622 2175 doctissima,
636 2101 814 2178 Cymodocea
861 2110 867 2123 ¹

133 2182 212 2240 Pone
226 2201 344 2258 sequens
358 2182 457 2276 <lextra
469 2182 588 2259 puppim
600 2184 690 2253 tenet,
707 2181 823 2258 ipsaque
836 2183 921 2275 dorsq

133 2262 260 2332 Eminet,
274 2281 306 2319 ac
318 2261 388 2318 laeva
401 2261 496 2319 tacitis
510 2262 686 2338 subremigat
698 2262 791 2319 undis.
803 2250 931 2399 (praesu
957 2276 971 2311 c
986 2286 993 2299 ¹
1012 2285 1035 2317 ει
1050 2282 1062 2313 r
1094 2252 1145 2301 ΑΗ
1176 2246 1188 2297 ·'
1197 2272 1208 2295 ⁴·
1218 2260 1251 2289 Μ

133 2341 208 2399 Tum
222 2341 262 2399 sic
274 2341 406 2418 ignarum
419 2340 588 2418 alloquitur:
610 2346 625 2372 “
636 2341 790 2418 Vigilesne‚
823 2361 888 2401 eum
901 2358 980 2418 gens,

133 2420 250 2480 AEnea?
271 2420 366 2498 vigila,
381 2424 410 2478 et
423 2421 493 2479 vebs
506 2421 632 2480 immitte
645 2422 788 2479 rudentes.

132 2500 196 2558 Nos
209 2519 307 2557 sumus
321 2499 409 2558 Idaeae
423 2520 500 2558 sacro
515 2501 549 2559 de
562 2501 668 2559 vertice
680 2500 773 2579 pinus,

132 2579 220 2637 Nunc
233 2579 327 2657 pelagi
339 2579 494 2657 Nymphae,
508 2580 603 2638 classis
615 2584 676 2638 tua.
717 2579 847 2638 Perfidus
860 2583 894 2637 ut
908 2599 959 2638 nos
1057 2547 1061 2552 ι

133 2658 300 2736 Praecipites
313 2660 386 2717 ferro
399 2659 527 2717 Rutulus
539 2644 708 2734 flammtique
721 2659 876 2736 premebat,

133 2737 276 2816 Rupimus
289 2738 387 2796 invitae
399 2741 452 2796 tua
463 2739 584 2810 vincula,
597 2741 682 2814 teque
695 2758 745 2814 per
757 2757 852 2813 aequor

134 2818 302 2888 Quaerimus.
342 2818 428 2877 Hanc
442 2817 579 2876 Genetrix
593 2818 693 2875 faciem
706 2817 840 2874 miserata
851 2817 958 2889 refecit,

134 2897 177 2955 Et
190 2897 269 2955 dedit
283 2917 342 2956 esse
356 2897 431 2969 deas,
444 2917 590 2973 aevumque
603 2897 711 2973 agitare
725 2897 777 2954 sub
791 2896 883 2954 undis.

133 2976 177 3034 At
189 2997 259 3054 puer
271 2978 411 3035 Ascanius
424 2997 506 3035 muro
518 2976 655 3053 fossisque
668 2979 784 3034 tenetur

134 3055 204 3114 Tela
215 3057 292 3114 inter
304 3057 397 3115 media
409 3060 495 3134 atque
508 3058 655 3115 horrentes
669 3055 765 3114 Marte
778 3054 907 3113 Latinos.

134 3135 157 3192 J
157 3155 204 3193 am
217 3135 279 3194 loca
287 3136 368 3214 jussa
380 3139 481 3194 tenent
494 3136 562 3195 forti
574 3136 731 3213 permixtus
745 3136 869 3193 Etrusco

133 3215 223 3273 Arcas
236 3235 329 3291 eques.
370 3216 481 3274 Medias
494 3216 550 3274 illis
563 3235 703 3292 opponere
715 3218 835 3286 tuumne,

133 3293 182 3352 Ne
195 3296 295 3353 castris
304 3295 438 3373 jungant,
452 3300 529 3354 certa
542 3299 586 3353 est
599 3294 742 3353 sententia
755 3295 861 3352 Turno.

135 3374 227 3452 Surge
241 3395 302 3452 age,
315 3379 345 3433 et
359 3360 470 3432 Aurort
483 3375 571 3433 socios
585 3375 716 3432 veniente
728 3373 824 3432 vocari

133 3453 250 3512 Primus
262 3455 293 3512 in
307 3475 385 3512 arma
393 3455 471 3532 jube,
484 3459 514 3513 et
528 3456 648 3532 clipeum
662 3473 738 3529 cape,
752 3473 835 3528 quem
849 3452 928 3511 dedit
941 3451 1001 3529 ipse

133 3531 283 3591 Invictum
295 3534 466 3611 ignipotens,
480 3539 565 3610 atque
579 3554 641 3592 oras
655 3533 756 3591 ambiit
770 3552 846 3591 auro.

134 3611 268 3672 Crastina
280 3613 337 3684 lux,
350 3634 414 3672 mea
426 3615 450 3671 si
463 3635 521 3673 non
533 3614 615 3671 irrita
628 3613 704 3671 dicte
716 3612 834 3688 putaris,

114 3696 117 3702 '
136 3691 277 3770 Ingentes
290 3693 409 3751 Rutulae
424 3694 564 3770 spectabit
577 3693 660 3752 caedis
675 3692 816 3750 acervos.”

136 3771 276 3831 Dixerat:
298 3775 328 3830 et
341 3773 441 3831 dextra
453 3773 597 3832 discedens
610 3770 725 3849 impulit
738 3771 835 3844 altam,

134 3850 226 3910 Haud
238 3852 338 3929 ignara
350 3853 437 3925 modi,
449 3853 576 3930 puppim.
617 3850 708 3929 Fugit
720 3850 770 3908 illa
782 3871 832 3929 per
844 3849 935 3907 undas

134 3930 222 3991 Ocior
234 3935 264 3990 et
273 3931 368 4011 jaculo
382 3935 412 3990 ct
424 3936 526 3992 ventos
539 3935 669 4009 aequante
682 3930 797 4009 sagitta.

1087 558 1183 635 sslf
