2506 4298
158 234 216 294 196
461 248 642 292 avmumu
655 228 797 292 mons

156 392 230 450 Esse
242 393 343 468 putet:
363 390 447 449 oaedit
459 389 540 449 binas
554 391 589 450 de
601 410 680 449 moro
692 390 831 463 bidentes,

157 472 270 548 Totque
283 491 354 542 sues,
367 470 491 528 totidem
503 470 649 547 nigrantes
662 473 745 548 terga
752 470 906 548 juvencos3

156 550 286 628 Vinaque
299 550 436 608 fundebat
448 550 562 627 pateris,
575 550 754 626 animamque
766 550 887 609 vocabat

157 630 291 688 Anchisae
304 629 402 706 magni
414 648 566 705 manesque
579 629 742 688 Acheronte
754 629 896 690 remissos,

138 755 141 764 .
157 710 221 768 Nec
234 729 293 767 non
306 712 336 767 et
349 708 426 780 socii,
439 729 501 786 qua
515 708 615 786 cuique
629 711 673 767 est
687 708 774 785 copia,
787 708 847 767 laeti

83 808 85 813 ·
158 789 244 847 Dona
256 789 360 861 ferunt,
374 791 493 846 onerant
506 808 578 860 aras,
591 790 774 864 mactantque
782 789 936 867 juvencos:

158 869 264 927 Ordine
278 869 369 926 ahena
379 868 476 927 locant
489 868 545 940 alii,
558 867 668 943 fusique
680 887 731 945 per
743 867 861 926 herbam
1022 937 1027 945 .

157 948 318 1024 Subjiciunt
330 947 443 1006 veribus
456 967 569 1024 prunas,
583 950 613 1006 et
625 947 733 1005 viscera
745 950 866 1006 torrent.
908 951 941 1012 ,12-
966 949 1036 1023 iss-{a

197 1028 371 1105 Exspectata
384 1027 443 1086 dies
456 1027 562 1099 aderat,
575 1047 737 1104 nonamque
751 1046 848 1086 serena
973 1030 980 1055 ·'
1068 1032 1145 1099 Mass

157 1107 299 1165 Auroram
313 1106 505 1166 Phaethontis
519 1106 585 1183 equi
592 1106 655 1184 jam
667 1106 730 1165 luce
743 1107 902 1180 vehebant3

158 1187 302 1264 Famaque
315 1186 453 1245 finitimos
466 1191 496 1245 et
510 1185 579 1244 clari
590 1205 695 1244 nomen
708 1186 820 1245 Acestae

157 1266 308 1324 Exoierat:
327 1267 394 1324 laeto
407 1265 582 1343 complerant
594 1265 680 1324 litora
692 1268 779 1339 coetu,

156 1345 254 1403 Visuri
267 1344 417 1417 AEncadas,
430 1366 494 1423 pars
508 1347 538 1404 et
551 1347 658 1403 certare
671 1345 788 1423 parati.-

156 1425 281 1483 Munera
292 1424 430 1502 principio
444 1427 511 1483 anto
524 1425 619 1483 oculos
633 1425 762 1502 circoque
775 1425 906 1484 locantur

157 1504 195 1562 ln
208 1505 311 1577 medio,
324 1505 396 1564 sacri
408 1505 543 1582 tripodes,
556 1505 715 1582 viridesque
729 1525 846 1576 coronas,

157 1584 201 1642 Et
213 1584 327 1660 palma,
340 1584 464 1662 pretium
477 1583 642 1656 victoribus,
655 1604 796 1660 armaque,
811 1587 840 1643 et
854 1586 931 1644 ostro

157 1663 282 1723 Perfusae
296 1667 397 1735 vestes,
411 1663 524 1741 argenti
536 1664 652 1740 aurique
665 1664 824 1723 talentum:

157 1744 200 1801 Et
213 1745 284 1802 tuba
297 1744 460 1802 commissos
473 1743 567 1802 medio
581 1743 658 1802 canit
671 1763 774 1821 aggere
787 1744 877 1801 ludos.

157 1823 257 1881 Prima
269 1843 349 1899 pares
362 1824 463 1881 ineunt
476 1823 609 1901 gravibus
623 1823 779 1881 certamina
791 1823 876 1882 remis

157 1903 287 1975 Quatuor
300 1923 334 1962 ex
347 1903 427 1962 omni
440 1903 557 1962 deleotae
571 1903 657 1961 classe
670 1903 789 1962 carinae:

155 1982 291 2041 Velocem
304 1983 474 2048 Mnestheus
488 1983 549 2059 agit
563 1983 620 2040 aori
632 1983 740 2060 remige
755 1981 881 2054 Pristin3

156 2061 229 2120 Mox
243 2061 335 2120 Italus
349 2062 529 2133 Mnestheus,
542 2082 632 2140 genus
646 2082 663 2120 a
676 2082 731 2139 quo
744 2060 859 2120 nomine
873 2060 1012 2134 Memmi3

156 2140 367 2219 Ingentemque
381 2142 459 2220 Gyas
473 2142 585 2218 ingenti
598 2141 673 2200 mole
687 2141 867 2213 Chimaeram,

156 2219 244 2279 Urbis
258 2240 337 2297 opus,
351 2221 458 2298 triplici
470 2222 559 2298 pubes
573 2241 659 2298 quam
672 2221 808 2279 Dardana
819 2240 904 2280 versu

157 2299 326 2376 Impellunt,
339 2304 421 2358 temo
436 2304 611 2378 consurgrmt
626 2301 722 2360 ordine
735 2300 824 2372 remi;

157 2380 370 2457 Sergestusque‚
384 2380 484 2438 domus
498 2382 579 2439 tenet
593 2400 678 2457 aquo
692 2380 790 2457 Sergia
802 2399 914 2451 nomen,

158 2458 301 2518 Centauro
313 2459 459 2517 invehitur
470 2479 591 2536 magna3
612 2460 760 2537 Scyllaque
774 2459 931 2517 Cloanthus

158 2538 290 2609 Caerulea,
304 2559 393 2616 genus
406 2539 482 2598 unde
494 2539 557 2611 tibi,
571 2539 701 2598 Romane
715 2538 838 2597 Cluenti.

196 2618 253 2676 Est
266 2618 364 2694 procul
376 2618 407 2677 in
419 2619 519 2696 pelago
533 2639 632 2677 saxum
646 2618 808 2695 spumantia
820 2621 921 2676 contra

157 2696 266 2768 Litora,
280 2698 356 2774 quod
368 2698 487 2756 tumidis
501 2699 678 2757 submersum
690 2698 824 2756 tunditur
837 2698 905 2756 olim

157 2777 316 2850 Fluctibua
330 2777 442 2836 hiberni
455 2778 581 2836 condunt
594 2778 645 2836 ubi
657 2778 748 2836 sidera
761 2776 846 2851 Cori,

156 2857 321 2933 Tranquillo
335 2857 408 2929 silet,
421 2858 595 2935 immotaque
609 2858 751 2916 attollitur
764 2854 843 2915 unda

157 2936 289 3014 Campus,
304 2939 333 2994 et
347 2937 447 3014 apricis
461 2937 547 2996 statio
561 2937 723 3014 gratissima
735 2937 849 3014 mergis.

157 3016 217 3075 Hic
230 3016 350 3074 viridem
363 3017 467 3074 AEneas
480 3017 624 3094 frondenti
637 3037 672 3076 ex
684 3016 746 3075 ilice
759 3019 868 3074 metam

158 3095 318 3154 Constituit
332 3097 446 3174 signum
459 3096 555 3154 nautis
567 3099 657 3173 pater,
670 3097 746 3155 unde
759 3094 864 3154 reverti

158 3174 278 3248 Scirent,
292 3178 322 3235 et
335 3175 435 3253 longos
448 3176 498 3234 ubi
512 3176 729 3235 circumflectere
743 3195 849 3234 cursus.

158 3255 234 3312 Tum
247 3255 309 3313 loca
322 3259 397 3313 sorte
411 3256 520 3332 legunt,
533 3255 642 3332 ipsique
655 3256 686 3313 in
698 3256 839 3332 puppibus
853 3273 921 3313 auro

157 3334 299 3392 Ductores
313 3334 398 3412 longe
412 3335 549 3412 effulgent
563 3344 695 3412 ostroque
709 3336 819 3407 decori;

158 3413 259 3472 Cetera
272 3414 392 3490 populea
404 3416 515 3473 velatur
527 3415 626 3473 fronde
634 3415 780 3493 juventus,

48 3570 51 3574 ι
156 3494 188 3551 N
189 3493 345 3568 udatosque
358 3494 489 3553 humeros
504 3495 564 3553 oleo
577 3495 690 3571 perfusa
702 3493 826 3553 nitescit.

158 3572 317 3632 Considunt
330 3574 471 3646 transtris,
484 3574 651 3651 intentaque
663 3574 779 3632 brachia
791 3571 892 3632 remis:

157 3652 270 3711 Intenti
283 3655 448 3728 exspectant
462 3653 584 3731 signum,
598 3654 824 3730 exsultantiaque
837 3651 935 3710 haurit

158 3732 250 3791 Corda
262 3752 350 3808 pavor
363 3733 486 3811 pulsans,
499 3733 671 3812 laudumque
684 3735 793 3792 arrecta
806 3732 917 3810 cupido.
951 3748 958 3780 t
988 3756 994 3771 ³
1008 3764 1022 3801 1,-
1034 3748 1037 3753 '

157 3812 230 3871 Inde
243 3812 294 3870 ubi
306 3811 381 3870 olara
394 3810 472 3870 dedit
486 3813 612 3872 sonitum
625 3814 704 3887 tuba,
717 3813 821 3871 finibus
836 3830 944 3884 omnes,
1010 3826 1015 3853 ἰ

146 3893 242 3954 Haud
255 3913 346 3968 mora,
360 3891 515 3973 prosiluere
527 3892 603 3953 suis:
621 3893 688 3954 ferit
701 3893 807 3952 athera
819 3891 926 3952 clamor

135 3975 292 4040 Nauticus
301 4003 310 4054 ;
332 3975 470 4040 adductis
484 3977 624 4058 spumant
633 3974 712 4035 treta
719 3971 934 4032 reassumam.
