2506 4298
275 225 313 282 88
560 238 741 282 nrrnsrnrr
755 234 896 282 morra

274 382 317 440 Et
330 381 442 440 munire
454 381 541 454 favos,
555 384 585 441 et
599 382 706 442 daedala
718 381 825 460 fingere
837 384 932 441 tecta:

273 462 317 519 At
330 461 410 520 fessae
424 462 517 521 multa
528 463 656 522 referunt
669 482 699 521 se
711 466 796 521 nocte
809 462 939 533 minores,

275 541 366 599 Orura
378 541 481 619 thymo
493 541 602 619 plenae3
621 545 778 619 pascuntur
790 545 821 600 et
834 542 937 600 arbuta
948 539 1062 617 passim,

275 621 318 678 Et
330 620 445 698 glaucas
458 621 555 680 salices
568 621 735 698 casiamque,
749 641 917 697 crocumque
929 620 1080 680 rubentem

275 700 317 757 Et
330 700 467 778 pinguem
479 701 573 759 tiliam
586 703 616 759 et
628 701 803 778 ferrugineos
816 700 997 779 hyacinthos.

275 778 416 838 Omnibus
429 800 488 838 una
501 780 579 856 quies
593 800 719 857 operum,
731 780 811 840 labor
824 780 956 839 omnibus
968 799 1052 838 unus.

274 858 363 917 Mane
376 862 466 918 ruunt
478 860 586 937 portis;
606 879 747 936 nusquam
759 880 858 918 mora:
878 878 977 917 rursus
990 859 1104 918 easdem

273 937 382 1015 Vesper
394 939 445 997 ubi
458 959 473 997 e
486 943 572 1016 pastu
583 939 701 998 tandem
714 939 846 998 decedere
859 938 966 1015 campis

272 1018 443 1090 Admonuit,
456 1022 522 1078 tum
533 1020 612 1077 tecta
624 1021 738 1096 petant,
750 1022 817 1076 tum
829 1037 946 1096 corpora
958 1018 1076 1076 curant:

274 1096 326 1155 Fit
339 1098 459 1171 sonitus,
472 1102 658 1174 mussantque
671 1118 734 1157 oras
747 1101 777 1158 et
789 1098 889 1156 limina
901 1097 1017 1156 circum.

274 1176 355 1248 Post,
369 1177 419 1235 ubi
427 1177 490 1256 jam
502 1177 636 1237 thalamis
650 1197 680 1236 se
694 1196 884 1255 composuere,
897 1175 999 1236 siletur

273 1255 312 1314 In
325 1260 448 1330 noctem,
461 1257 605 1334 fessosque
618 1277 701 1335 sopor
715 1277 784 1315 suus
797 1259 918 1333 occupat
931 1258 1021 1314 artus.

273 1335 337 1395 Nec
350 1356 416 1395 vero
429 1356 447 1395 a
460 1336 579 1395 stabulis
593 1336 690 1413 pluvia
701 1337 884 1413 impendente
895 1335 1035 1394 recedunt
1115 1367 1117 1371 ν

273 1415 412 1494 Longius,
426 1419 481 1475 aut
490 1417 611 1475 credunt
625 1415 695 1475 coelo
709 1415 931 1475 adventantibus
944 1414 1036 1488 euris3

274 1495 331 1554 Sed
344 1495 452 1554 circum
464 1498 538 1554 tutae
552 1496 606 1554 sub
620 1495 761 1554 moenibus
774 1495 854 1554 urbis
867 1497 1019 1572 aquantur,

273 1575 473 1651 Excursusque
485 1575 584 1634 breves
597 1577 723 1646 tentant,
736 1576 766 1634 et
780 1594 854 1652 saepe
866 1574 986 1652 lapillos,

273 1653 317 1713 Ut
331 1655 442 1732 cymbae
455 1653 602 1713 instabiles
615 1655 708 1713 fluctu
716 1654 845 1732 jactante
859 1654 1015 1726 saburram,

272 1733 407 1793 Tollunt:
427 1734 473 1792 his
487 1754 546 1793 sese
559 1755 609 1812 per
619 1734 716 1792 inania
727 1733 827 1792 nubila
838 1734 953 1792 librant.

273 1813 364 1871 Illum
376 1814 446 1873 adeo
458 1813 595 1890 placuisse
606 1814 705 1891 apibus
719 1813 856 1872 mirabere
866 1833 984 1885 morem,

273 1893 358 1965 Quod
370 1913 423 1952 nec
436 1893 592 1952 concubitu
604 1893 765 1970 indulgent,
778 1913 831 1951 nec
844 1912 961 1970 corpora
974 1911 1074 1970 segnes

273 1971 311 2030 In
324 1973 464 2032 Venerem
478 1972 593 2031 solvrmt
607 1975 658 2031 ant
671 1973 747 2030 fetus
760 1972 873 2030 nixibus
886 1971 994 2044 edunt3

272 2050 383 2110 Verum
394 2052 464 2129 ipsae
476 2071 492 2110 e
504 2052 580 2110 foliis
593 2052 676 2110 natos
690 2055 720 2110 et
734 2051 867 2109 suavibus
880 2051 977 2110 herbis

273 2131 330 2189 Ore
342 2131 461 2209 legrmt3
481 2131 550 2208 ipsae
562 2148 659 2208 regem
672 2150 829 2208 parvosque
843 2130 969 2203 Quirites

272 2210 433 2283 Sufficiunt,
447 2211 581 2286 aulasque
594 2214 624 2269 et
638 2230 717 2270 cerea
728 2229 817 2288 regna
827 2211 984 2288 refingrmt.

273 2289 355 2366 Saepe
368 2290 455 2349 etiam
469 2289 547 2347 duris
560 2290 678 2348 errando
690 2289 722 2348 in
735 2289 847 2348 cotibus
860 2289 919 2348 alas

271 2369 428 2441 Attrivere,
440 2369 574 2446 ultroque
587 2370 712 2427 animam
725 2370 778 2427 sub
791 2369 865 2428 fasce
879 2369 996 2439 dedere;

272 2448 384 2506 Tantus
397 2468 476 2507 amor
488 2447 592 2507 florum
604 2451 634 2507 et
647 2449 800 2526 generandi
812 2448 903 2527 gloria
914 2448 1016 2507 mellis.

272 2528 353 2604 Ergo
365 2527 440 2605 ipsas
454 2528 582 2604 quamvis
596 2528 712 2606 angusti
725 2528 865 2586 terminus
879 2528 933 2586 aevi

272 2607 414 2684 Excipiet,
432 2607 536 2685 (neque
549 2607 626 2667 enim
638 2607 703 2685 plus
716 2608 838 2684 septima
851 2607 966 2666 ducitur
979 2606 1079 2684 aestas)

272 2687 315 2744 At
328 2707 418 2763 genus
431 2687 592 2746 immortale
605 2690 712 2758 manet,
725 2687 887 2763 multosque
900 2707 951 2764 per
964 2707 1053 2744 annos

273 2766 339 2824 Stat
352 2766 468 2825 fortuna
480 2767 590 2839 domus,
603 2770 633 2825 et
647 2766 693 2824 avi
705 2769 892 2824 numerantur
905 2786 1032 2824 avorum.

273 2845 418 2905 Praeterea
429 2866 527 2923 regem
539 2866 598 2904 non
611 2846 651 2904 sic
665 2845 809 2923 AEgyptos
822 2848 853 2904 et
865 2846 967 2923 ingens

271 2925 374 3003 Lydia,
387 2946 440 2984 nec
452 2925 550 3004 populi
562 2925 737 2984 Parthorum
750 2927 801 2984 aut
814 2925 920 2984 Medus
935 2924 1101 3003 Hydaspes

273 3004 442 3064 Observant.
482 3005 563 3083 Rege
576 3004 712 3063 incolumi
724 3024 804 3063 mens
818 3004 949 3063 omnibus
962 3025 1021 3062 una
1032 3008 1094 3078 est;

271 3084 396 3156 Amisso,
410 3104 509 3162 mpero
522 3085 609 3143 fidem
622 3086 841 3160 constructaque
854 3084 941 3143 mella

272 3160 423 3240 Diripuere
436 3164 514 3241 ipsae,
528 3167 558 3223 et
571 3167 663 3223 crates
677 3163 783 3222 solvere
796 3163 935 3222 favorum.

272 3241 327 3301 Ille
341 3263 458 3320 operum
471 3247 583 3316 custos3
603 3243 686 3301 illum
699 3242 885 3315 admirantur,
898 3246 929 3302 et
942 3263 1041 3303 omnes

273 3321 468 3381 Circumstant
481 3323 598 3382 fremitu
611 3324 706 3395 denso,
721 3322 885 3399 stipantque
898 3323 1078 3399 frequentes,

273 3401 316 3459 Et
329 3421 404 3478 saepe
417 3402 557 3460 attollunt
569 3402 704 3474 humeris,
719 3404 749 3461 et
763 3421 880 3480 corpora
891 3402 967 3461 bello

272 3480 434 3558 Objectant‚
447 3481 649 3558 pulchramque
660 3483 765 3558 petunt
777 3501 828 3558 per
840 3481 959 3540 vulnera
970 3485 1103 3542 mortem.

312 3560 369 3618 His
383 3560 498 3637 qnidam
512 3560 600 3638 signis
614 3564 699 3637 atque
712 3560 773 3618 haec
787 3561 915 3637 exempla
927 3561 1028 3635 secuti,

272 3640 344 3698 Esse
357 3639 457 3717 apibus
470 3643 582 3717 partem
595 3640 699 3698 divinae
711 3639 816 3697 mentis
830 3643 860 3698 et
873 3640 995 3698 haustus

272 3719 418 3778 AEtherios
432 3719 542 3778 dixere:
563 3720 648 3777 deum
660 3738 783 3794 namque
795 3718 836 3778 ire
849 3739 900 3796 per
913 3740 1011 3779 omnes

272 3799 429 3876 Terraeque
441 3801 606 3876 tractusque
618 3798 704 3856 maris
718 3797 876 3874 coelumque
888 3800 1079 3876 profrmdum3

267 3878 351 3938 Hinc
359 3879 494 3958 pecudes,
507 3880 644 3951 armenta,
657 3877 743 3949 viros,
757 3897 847 3955 genus
861 3898 945 3938 omne
957 3879 1090 3954 ferarum,

143 3934 166 4039 h
257 3957 412 4039 Quemque
424 3960 483 4023 sibi
496 3963 599 4023 tenues
612 3960 782 4021 nascentem
792 3976 929 4018 arcessere
938 3958 1034 4032 ritasq
