2506 4298
262 202 321 266 176
556 220 739 264 emman
752 220 895 265 morus

259 361 398 434 Stridens,
411 383 464 422 nec
476 362 553 422 dulci
565 362 688 421 declinat
700 363 810 422 lumina
822 383 931 422 somno.

260 442 338 501 Luce
352 444 431 501 sedet
444 447 540 501 custos
553 446 605 500 aut
619 443 724 501 summi
737 443 861 503 culmine
873 442 953 516 tecti,

260 522 399 580 Turribus
413 527 463 580 aut
477 523 552 594 altis,
566 527 596 581 et
608 542 727 600 magnas
740 523 855 582 territat
868 524 962 595 urbes,

261 601 334 659 Tam
348 601 409 659 ficti
421 602 556 680 pravique
568 608 663 673 tenax,
677 622 763 678 quarn
775 603 879 662 nuncia
890 602 960 662 veri.

259 681 335 739 Haec
347 685 413 740 tum
425 681 578 759 multiplici
591 682 709 758 populos
722 702 850 740 sermone
862 682 990 760 replebat

260 760 403 832 Gaudeus,
417 764 447 819 et
459 762 565 839 pariter
578 762 655 819 facta
667 764 753 838 atque
766 761 872 821 infecta
885 762 1021 821 canebat:

259 839 378 899 Venisse
391 841 512 912 AEuean,
526 840 649 919 Trojano
662 861 680 898 a
692 841 829 918 sanguine
842 845 962 913 eretum,

259 919 314 977 (lui
328 940 357 978 se
370 920 489 996 pulchra
501 921 562 979 viro
576 919 710 998 dignetur
719 921 841 998 jungere
854 920 950 992 Dido;

259 1000 346 1058 Nunc
359 999 483 1058 hiemem
496 999 572 1059 inter
585 1021 615 1058 se
627 1000 705 1072 luxu,
719 1020 805 1077 quam
817 1000 912 1077 longa,
926 1000 1029 1072 fovere,

259 1079 429 1157 Regnorum
442 1079 621 1138 immemores
634 1080 769 1156 turpique
782 1080 913 1157 cupidine
926 1082 1034 1157 captos.

259 1158 334 1217 Haec
347 1159 453 1236 passim
466 1159 519 1217 dea
531 1159 607 1218 foeda
619 1159 713 1217 virum
726 1159 862 1217 diffirndit
874 1159 905 1217 in
918 1179 976 1218 ora.

259 1237 396 1296 Protinus
410 1239 447 1296 ad
458 1258 555 1316 regem
569 1259 667 1297 cursus
681 1239 832 1316 detorquet
845 1239 959 1310 Iarban,

259 1317 449 1396 Incenditque
463 1319 590 1376 animum
603 1318 696 1391 dictis,
711 1322 797 1395 atque
810 1322 929 1396 aggerat
941 1318 1006 1377 iras.

299 1397 359 1456 Hic
371 1398 536 1456 Hammone
549 1401 636 1470 satus,
649 1401 732 1475 rapta
745 1397 949 1457 Garamantide
959 1397 1109 1477 Nympha,

260 1476 379 1554 Templa
392 1478 412 1535 J
415 1478 462 1535 ovi
475 1481 591 1536 centum
604 1477 670 1536 latis
683 1478 820 1536 immania
832 1477 935 1555 reguis,

259 1556 384 1615 Centum
397 1577 458 1615 aras
472 1557 584 1634 posuit;
604 1557 776 1635 vigilemque
789 1559 948 1616 sacraverat
960 1557 1058 1635 ignem

259 1637 401 1695 Excubiae
415 1636 513 1694 divum
526 1640 655 1709 aeternas,
668 1638 865 1714 pecudumque
879 1657 978 1696 cruore

258 1714 371 1793 Pingue
385 1716 485 1788 solum,
499 1718 530 1774 et
542 1716 627 1774 variis
640 1717 771 1775 florentia
783 1716 884 1775 limina
896 1715 987 1775 sertis.

259 1794 345 1872 Isque
359 1815 456 1854 amens
469 1795 565 1868 animi,
579 1798 609 1854 et
622 1816 735 1856 rumore
747 1815 880 1854 accensus
893 1816 998 1867 amaro,

257 1874 373 1932 Dicitur
386 1878 453 1933 ante
466 1894 537 1947 aras,
550 1875 644 1935 media
655 1876 864 1934 intermina
876 1876 983 1947 divum,

257 1954 356 2013 Multa
369 1955 390 2012 J
391 1975 473 2013 ovem
485 1956 616 2014 manibus
630 1956 750 2033 supplex
762 1975 855 2014 orasse
869 1955 993 2033 supinis:

258 2033 401 2111 “Jupiter
414 2035 602 2111 omnipotens,
616 2035 662 2094 cui
674 2056 750 2094 nunc
764 2035 909 2094 Maurusia
921 2035 1006 2112 pictis

258 2113 335 2172 Gens
349 2113 464 2190 epulata
476 2114 546 2172 toris
560 2113 698 2173 Lenaeum
710 2115 782 2174 libat
794 2116 941 2186 honorem,

257 2193 369 2270 Aspicis
382 2193 468 2252 haec?
489 2214 525 2251 an
538 2197 577 2266 te,
591 2196 713 2271 genitor,
727 2215 816 2272 quum
828 2195 949 2252 fulmina
960 2197 1085 2270 torques,

256 2273 459 2349 Nequidquam
472 2273 644 2332 horremus?
665 2274 785 2352 caecique
797 2275 829 2332 in
841 2274 965 2332 nubibus
978 2275 1060 2352 ignee

257 2352 425 2410 Terrificant
439 2352 557 2424 animos,
571 2357 601 2411 et
614 2353 710 2412 inania
722 2373 869 2412 murmura
881 2352 1027 2412 miscent?

256 2432 384 2504 Femina,
399 2452 462 2508 quae
475 2433 580 2491 nostris
594 2452 689 2491 errans
702 2433 732 2491 in
746 2433 850 2491 finibus
863 2433 963 2492 urbem

255 2511 400 2589 Exiguam
412 2511 504 2588 pretio
516 2513 621 2589 posuit,
636 2513 681 2570 cui
693 2514 763 2571 litus
777 2513 923 2583 arandum,

256 2590 365 2668 Cuique
378 2591 433 2649 loci
445 2591 521 2669 leges
536 2592 672 2663 dedimus,
686 2592 827 2651 connubia
839 2596 938 2651 nostra

254 2670 383 2748 Repulit,
397 2692 429 2730 ac
443 2671 590 2729 dominum
603 2672 715 2730 lEnean
728 2672 758 2730 in
771 2692 860 2750 regna
872 2671 987 2749 reecpit.

255 2750 297 2809 Et
310 2771 386 2809 nunc
399 2751 446 2808 ille
460 2751 549 2823 Paris,
564 2771 630 2810 cum
643 2752 775 2810 semiviro
788 2752 936 2823 comitatu,

254 2811 377 2889 Maeouid
389 2834 520 2889 mentum
533 2816 794 2908 militariumque
807 2832 972 2890 madentem

255 2910 406 2982 SubnixuS,
419 2913 502 2987 rapto
514 2911 642 2988 potitur:
662 2931 714 2970 nos
727 2931 846 2970 munera
857 2911 972 2987 templis

254 2990 365 3067 Quippe
378 2990 437 3048 tuis
450 2989 574 3062 serimus,
587 2992 748 3067 famamque
760 2992 889 3049 fovemus
901 2987 1044 3048 inanem.'’

293 3069 412 3128 Talibus
426 3073 555 3128 orantem
569 3070 662 3141 dictis,
676 3091 793 3146 arasque
805 3073 962 3140 tenentem,

252 3149 356 3207 Audiit
369 3149 558 3225 omnipotens,
572 3151 722 3225 oculosque
736 3151 773 3208 ad
786 3150 891 3208 moenia
902 3149 989 3208 torsit

252 3228 353 3307 Regia,
367 3232 397 3287 et
411 3229 516 3287 oblitos
528 3229 612 3287 famae
626 3230 749 3288 melioris
763 3232 901 3288 amantes.

252 3308 328 3366 Tum
343 3309 383 3367 sie
397 3309 571 3366 Mercurium
585 3309 747 3385 alloquitur,
761 3329 794 3368 ac
806 3309 878 3368 talia
890 3307 1025 3366 mandat:

252 3389 357 3446 “Vade
372 3408 433 3465 age,
446 3392 523 3459 nate,
536 3409 607 3446 voca
620 3389 773 3467 Zephyros,
787 3392 817 3447 et
830 3390 923 3448 labere
936 3386 1036 3465 pennis
1047 3410 1054 3457 3

251 3467 486 3543 Dardaniumque
500 3468 608 3539 ducem,
623 3469 711 3546 Tyria
724 3467 898 3546 Carthagine
913 3468 962 3544 qui
974 3486 1050 3525 nunc

251 3546 419 3624 Exspectat,
432 3547 554 3623 fatisque
568 3548 649 3606 datas
663 3569 721 3607 uon
734 3549 849 3625 respicit
863 3549 956 3618 urbes,

250 3627 412 3704 Alloquere,
426 3630 456 3684 et
469 3627 571 3685 celeres
585 3628 661 3686 deser
674 3648 738 3686 mea
750 3629 828 3687 dicta
840 3648 890 3705 per
903 3647 993 3685 auras.

250 3706 282 3764 N
283 3726 321 3764 on
333 3707 415 3763 illum
428 3705 510 3764 nobis
523 3707 653 3783 genetrix
666 3707 855 3785 pulcherrima
867 3707 955 3765 talem

250 3784 397 3858 Promisit,
411 3785 586 3862 Graiumque
599 3786 662 3845 ideo
676 3786 719 3846 bis
732 3787 858 3846 vindicat
872 3786 975 3856 armis;

141 3878 174 3907 v·
246 3865 304 3925 Sed
316 3865 385 3940 fore,
400 3864 450 3945 qui
462 3863 611 3944 Quidam
623 3866 748 3944 imperiis
760 3867 891 3944 belloque
903 3866 1073 3925 frementem

233 3945 361 4024 Italiam
373 3950 502 4030 regeret,
515 3968 608 4030 genus
621 3946 681 4009 alto
694 3967 714 4008 a
724 3947 861 4026 sauguine
871 3945 977 4004 Teucri
