2506 4298
161 207 220 265 288
465 221 648 266 ameum
661 221 804 266 uanonrs

160 363 252 422 Filius
264 363 332 423 huie
346 362 450 436 Pallas,
463 363 506 422 illi
519 384 612 424 eomes
625 363 687 423 ibat
700 364 837 423 Achates.

162 443 314 522 Congressi
322 444 452 522 jungrmt
465 444 587 516 dextras,
601 444 756 522 mediisque
769 444 899 504 residunt

160 523 292 595 AEdibus,
305 527 336 582 et
349 523 429 582 licito
441 523 560 583 tandem
572 543 701 583 sermone
714 525 858 582 fruuntur.

161 601 226 662 Rex
238 608 316 681 ripor
327 603 404 662 haeo.

161 683 319 741 “Maxime
332 683 506 741 Teucrorum
519 682 629 754 ductor,
643 702 699 760 quo
713 682 818 760 sospite
831 703 981 763 nunquam

160 764 221 823 Res
235 762 366 840 equidem
379 761 471 839 Trojae
483 762 574 821 vietae
588 727 639 820 aut
652 782 741 854 regna
753 762 873 837 fatebor,

160 842 254 902 Nobis
268 842 304 900 ad
317 841 385 901 belli
397 841 534 900 auxilium
546 862 598 919 pro
612 842 727 900 nomine
739 845 824 901 tanto

160 921 323 1000 Exiguae
296 941 379 980 mres.
419 921 499 979 Hine
512 920 606 979 Tusce
619 920 777 980 claudimur
790 921 877 994 amni,

160 1001 241 1061 Hine
255 1001 382 1059 Rutulus
394 1000 508 1078 premit,
522 1002 552 1059 et
564 1020 680 1058 murum
693 966 884 1060 circumsonat
897 1001 992 1060 armis.

160 1082 217 1140 Sed
229 1080 284 1140 tibi
298 1101 351 1158 ego
364 1079 496 1158 ingentes
509 1080 628 1158 populos
642 1079 833 1158 opulentaque
845 1100 989 1158 regnis
996 1104 1059 1133 use
1140 1108 1148 1121 ι
1181 1092 1186 1101 ’

159 1161 182 1219 J
183 1180 289 1238 ungere
302 1163 395 1219 eastra
406 1179 491 1237 paro.
512 1179 598 1237 quam
610 1159 689 1217 fors
681 1159 797 1237 inopina
810 1161 932 1219 salutem

161 1240 308 1300 Ostentat.
350 1238 432 1297 Fatis
445 1240 502 1298 hue
515 1242 546 1298 te
558 1238 741 1317 poscentibus
754 1240 845 1298 affers.

158 1320 250 1378 Haud
261 1318 361 1397 procul
372 1319 440 1378 hine
453 1339 520 1377 saxo
533 1318 667 1379 incolitur
679 1319 800 1378 fiendata
812 1322 928 1379 vetusto

159 1399 248 1458 Urbis
262 1398 406 1478 Agyllina
419 1398 514 1457 sedes:
535 1398 586 1456 ubi
598 1396 693 1475 Lydia
705 1399 849 1476 quondam

159 1479 246 1551 Gens,
259 1479 334 1538 bello
347 1478 491 1556 praeclara,
500 1477 579 1555 jugis
591 1477 697 1537 insedit
710 1478 852 1537 Etruscis.

158 1559 245 1618 Hane
258 1557 365 1617 multos
377 1557 526 1617 florentem
539 1577 628 1616 annos
641 1577 691 1616 rex
703 1556 805 1617 deinde
819 1559 940 1636 superbo

158 1638 284 1716 Imperio
297 1641 328 1696 et
341 1637 422 1696 saevis
435 1636 531 1695 tenuit
544 1636 706 1695 Mezentius
720 1637 815 1696 armis.

158 1718 235 1791 Quid
247 1737 401 1777 memorem
414 1716 544 1775 infundes
557 1716 661 1775 eadee!
682 1716 751 1793 quid
763 1718 840 1776 faeta
852 1718 970 1796 tyranni

158 1798 270 1857 Effera!
311 1797 352 1855 Di
364 1797 452 1890 capiti
464 1796 552 1888 ipsius
565 1796 717 1873 generique
729 1798 889 1889 reservent!

159 1878 280 1936 Mortua
292 1877 361 1954 quin
374 1876 462 1935 etiam
470 1875 611 1954 jungebat
624 1895 741 1952 corpora
753 1875 835 1949 vivis,

10 1998 29 2023 ι.
51 1969 135 2015 siae-⁵
160 1956 340 2035 componens
352 1956 539 2033 manibusque
551 1975 652 2014 manus
666 1960 752 2033 atque
765 1956 861 2015 oribus
874 1977 931 2031 ora,

31 2040 34 2045 '
125 2058 129 2067 “
159 2036 309 2095 Tormenti
321 2037 426 2129 genus!
447 2039 477 2095 et
490 2035 703 2112 sanietaboque
716 2034 837 2095 fluentes

159 2115 336 2193 complexu
329 2136 360 2173 ω
372 2117 475 2174 misero
488 2105 610 2193 longt
588 2135 628 2173 s1o
641 2117 734 2174 morte
747 2116 876 2176 necabat.

158 2196 202 2253 At
215 2195 447 2254 fessitandem
424 2215 498 2254 o1ves
511 2194 627 2253 infande
639 2194 844 2253 furentem·
921 2266 925 2273 .

158 2274 273 2333 Armati
286 2271 662 2352 eircumsist1mt1psumque
675 2222 871 2352 domumque?

159 2354 340 2413 Obtrrmeant
353 2354 451 2424 soeioS,
465 2354 563 2431 ignem
576 2354 612 2411 ad
625 2353 741 2431 fastigia
748 2354 870 2432 jaetant.

159 2433 215 2492 Ille
228 2435 304 2492 inter
317 2434 409 2492 oaedes
423 2433 599 2492 Rutulorum
612 2433 744 2511 elapsus
736 2454 766 2491 ω
780 2454 863 2526 agrqs

159 2512 327 2591 Confugere,
341 2516 372 2571 et
385 2513 476 2571 Turni
489 2513 632 2572 defendier
644 2513 766 2591 hospitis
780 2514 875 2574 armis.

158 2592 239 2670 Ergo
252 2593 344 2652 omnis
357 2593 437 2651 furiis
452 2592 574 2652 surrexit
587 2593 707 2651 Etruria
716 2593 820 2670 justis3

158 2672 270 2750 Regem
283 2673 319 2730 ad
333 2672 503 2750 supplicium
516 2672 650 2750 praesenti
664 2673 762 2731 Marte
772 2676 933 2750 reposcunt.

157 2752 215 2810 His
229 2773 282 2830 ego
295 2755 334 2825 te,
348 2752 448 2824 Mnea,
462 2753 610 2811 duetorem
623 2751 747 2810 millibus
762 2752 874 2811 addam.

157 2831 234 2891 Toto
247 2853 370 2910 namque
382 2832 509 2891 hemunt
523 2832 669 2890 condensae
679 2831 763 2890 litore
776 2853 893 2910 puppes,

157 2912 300 2990 Signaque
313 2912 385 2971 ferre
394 2912 515 2990 jubent3
534 2912 640 2970 retinet
653 2911 799 3004 longevus
812 2913 954 2990 haruspex

156 2990 232 3050 Fata
245 3012 364 3050 canens:
386 2992 411 3050 0
426 2991 558 3050 Maeoniae
571 2991 680 3049 delecta
688 2991 834 3084 juventus,

156 3071 225 3130 Flos
238 3077 369 3130 veterum
382 3071 529 3151 virtusque
542 3071 645 3142 virum,
660 3091 730 3146 quos
739 3071 857 3153 justus'
849 3092 881 3129 ω
892 3071 1007 3130 hostem

156 3152 228 3210 Fert
242 3151 330 3223 dolor,
344 3154 374 3209 et
387 3152 490 3210 merita
502 3150 631 3209 ascendit
645 3150 828 3209 Mezentius
820 3171 871 3225 rra,

156 3231 240 3290 Nulli
253 3232 296 3289 sas
310 3197 387 3289 Italo
400 3233 514 3289 tantam
527 3231 697 3308 subjungere
710 3239 843 3307 gentem:

156 3311 300 3369 Externos
314 3313 412 3388 optate
425 3311 519 3369 duces.
560 3311 637 3368 Tum
650 3309 775 3368 Etrusca
787 3309 893 3369 resedit

155 3390 222 3448 Hoc
236 3391 309 3448 aoies
322 3410 431 3468 eampo,
445 3389 562 3449 monitis
576 3388 712 3448 exterrita
725 3389 832 3448 divum.

155 3469 223 3547 Ipse
236 3473 362 3528 oratores
376 3470 412 3527 ad
425 3490 471 3529 me
484 3470 620 3547 regnique
635 3489 768 3527 coronam

155 3548 230 3607 (lum
243 3552 355 3627 sceptro
368 3549 456 3620 misit,
470 3550 643 3626 mandatque
656 3549 780 3626 insignia
793 3547 934 3619 Tarchon,

156 3628 311 3687 Succedam
324 3629 433 3701 eastris,
447 3629 650 3708 Tyrrhenaque
663 3649 752 3705 regna
765 3647 916 3706 capessam.

156 3709 211 3767 Sed
224 3708 297 3766 mihi
310 3709 393 3766 tarda
405 3709 472 3786 gelu
484 3709 632 3785 saeclisque
645 3708 730 3767 effeta
743 3711 873 3767 senectus

155 3788 267 3846 Invidit
279 3787 439 3866 imperium,
452 3809 575 3866 seraeque
588 3788 625 3846 ad
638 3788 725 3846 fortia
737 3788 818 3846 vires.

154 3867 268 3926 Natum
282 3868 454 3940 exhortarer,
467 3869 498 3926 ni
511 3868 619 3926 mixtus
632 3870 725 3926 matre
739 3867 851 3927 Sabella

155 3947 236 4008 Hine
248 3951 362 4028 partem
373 3947 472 4026 patriae
484 3948 621 4008 traheret.
661 3947 716 4022 Tu,
730 3948 810 4026 eujus
823 3951 854 4007 et
867 3943 949 4006 annis
