2506 4298
165 228 223 286 136
469 239 651 283 1111111111
664 240 805 287 Maronis

164 385 206 442 Et
219 383 354 442 Danaum
367 381 459 441 solitae
472 403 567 456 naves,
581 387 611 442 et
623 384 735 443 Achaia
747 387 848 456 castra,

66 441 108 537 βολ
163 463 302 541 Aggressi
315 463 388 520 ferro
402 463 517 535 circum,
532 462 587 540 qut
601 484 712 522 summa
724 463 853 523 labantes

98 542 102 557 ¹
164 543 186 602 J
186 546 322 601 uncturae
334 541 465 600 tabulata
477 543 593 615 dabant,
607 543 791 602 convellimus
805 544 872 602 altis

163 622 290 694 Sedibus,
303 609 538 699 impulimusque:
560 643 593 681 ea
604 622 683 699 lapsa
695 625 811 700 repente
824 624 937 682 ruinam

107 738 128 777 ,ι
165 701 238 759 Cum
252 701 349 760 sonitu
361 704 390 759 tr
429 701 461 773 ’1,
475 705 505 761 11
518 702 652 760 Danaum
665 722 748 779 super
762 703 876 780 agmina
888 704 946 763 late

102 796 126 859 t?
164 781 281 839 Incidit.
321 781 378 838 Ast
431 781 437 793 '
453 782 592 853 subeunt;
612 801 664 840 nec
678 802 752 854 saxa,
766 803 818 841 nec
830 783 922 841 ullum

118 872 122 899 ‘
164 861 298 919 Telorum
311 860 420 918 interea
432 864 523 919 cessat
536 881 634 937 genus.

142 971 146 981 ·
204 941 412 998 “Vestibulum
425 943 492 998 ante
504 940 600 1017 ipsum
612 939 759 1018 primoque
772 941 804 999 in
816 942 914 1001 limine
927 942 1059 1021 Pyrrhus

72 1034 117 1091 l?
164 1021 310 1091 Exsultat,
324 1020 390 1077 telis
403 1023 433 1078 et
446 1020 509 1079 luce
523 1040 654 1078 coruscus
668 1020 774 1079 ahena:
829 1095 831 1099 Ι

72 1096 93 1127 f'
166 1100 263 1171 Qualis
277 1099 327 1158 ubi
339 1099 370 1157 in
382 1100 476 1157 lucem
489 1100 610 1172 coluber,
623 1099 699 1157 mala
711 1100 840 1177 gramina
852 1103 960 1178 pastus,

165 1179 284 1256 Frigida
297 1179 350 1236 sub
363 1183 439 1237 terra
451 1179 596 1237 tumidum
610 1199 695 1256 quem
707 1179 809 1238 bruma
820 1181 946 1258 tegebat,

163 1259 251 1317 Nunc
264 1258 365 1335 positis
379 1279 470 1316 novus
483 1259 591 1316 exuviis
604 1259 767 1335 nitidusque
777 1259 907 1337 juventa,

165 1338 289 1396 Lubrica
301 1338 445 1396 convolvit
459 1338 571 1396 sublato
584 1341 698 1414 pectore
711 1342 794 1415 terga
1016 1412 1018 1416 A

163 1418 279 1475 Arduus
293 1419 330 1476 ad
342 1416 439 1489 solem,
453 1421 482 1475 et
495 1417 600 1495 linguis
614 1418 702 1476 micat
716 1439 763 1476 ore
775 1417 909 1476 trisulcis.

164 1497 233 1554 Una
244 1498 345 1575 ingens
359 1497 496 1574 Periphas
510 1500 540 1555 et
553 1517 690 1574 equorum
703 1497 829 1574 agitator
841 1497 962 1556 Achillis

164 1577 298 1654 Armiger
310 1576 503 1646 Automedon,
516 1597 574 1634 una
586 1577 678 1635 omnis
692 1577 790 1654 Scyria
802 1578 891 1654 pubes

164 1657 326 1714 Succedunt
339 1659 427 1727 tecto,
440 1660 470 1714 et
483 1656 611 1714 flammas
626 1657 662 1714 ad
675 1657 799 1714 culmina
808 1656 929 1734 jactant.

164 1736 232 1813 Ipse
244 1736 321 1794 inter
333 1736 439 1813 primos
453 1739 582 1812 correpta
595 1736 666 1793 dura
678 1736 794 1813 bipenni

164 1815 279 1873 Limina
291 1815 458 1893 perrumpit,
471 1818 621 1892 postesque
635 1836 652 1873 a
664 1815 777 1874 cardine
789 1815 870 1874 vellit

164 1896 296 1968 AEratos3
312 1896 429 1973 jamque
442 1895 535 1953 excisa
547 1895 628 1953 trabe
640 1895 724 1953 firma
736 1895 848 1953 cavavit

164 1975 288 2046 Robora,
302 1979 332 2033 et
344 1975 493 2052 ingentem
505 1975 564 2032 lato
578 1974 657 2033 dedit
671 1995 719 2034 ore
731 1975 893 2033 fenestram.

164 2055 292 2132 Apparet
306 2055 406 2112 domus
419 2054 507 2125 intus,
522 2057 552 2112 et
565 2054 638 2112 atria
650 2055 738 2133 longa
749 2058 917 2132 patescunt;

164 2135 314 2211 Apparcnt
328 2133 437 2191 Priami
450 2136 480 2192 et
493 2138 623 2191 veterum
635 2135 791 2211 penetralia
802 2155 919 2212 regum;

163 2215 354 2290 Armatosque
367 2214 466 2271 vident
480 2215 590 2271 stantes
603 2213 634 2270 in
647 2214 744 2272 limine
758 2214 857 2291 primo.

206 2293 274 2350 “At
287 2294 387 2351 domus
400 2292 519 2350 interior
531 2293 643 2370 gemitu
655 2293 813 2370 miseroque
826 2293 957 2351 tumultu

165 2372 323 2445 Miscetur3
342 2372 511 2449 penitusque
525 2392 601 2431 cavae
614 2372 797 2449 plangoribus
812 2373 886 2431 aedes

161 2452 308 2527 ¹Femincis
321 2452 450 2523 ululant,
470 2452 537 2510 ferit
551 2472 635 2510 aurea
648 2452 739 2510 sidera
752 2453 865 2510 clamor.

165 2532 241 2588 Tum
254 2531 364 2608 pavidae
377 2531 462 2590 tectis
476 2535 581 2591 matres
595 2531 761 2610 ingentibus
776 2535 881 2603 errant,

164 2612 367 2688 Amplexaeque
380 2615 482 2669 tenent
494 2615 600 2688 postes
615 2614 700 2688 atque
714 2612 809 2670 oscula
822 2612 927 2689 figunt.

165 2691 263 2749 Instat
276 2692 306 2748 vi
318 2691 411 2768 patria
424 2690 569 2768 Pyrrhus3
590 2711 641 2749 nec
655 2691 786 2763 claustra,
799 2711 890 2768 neque
902 2688 957 2767 ipsi
1013 2744 1023 2765 ,
1038 2727 1063 2793 s
1089 2744 1092 2761 2

165 2770 304 2830 Custodes
318 2771 433 2829 sufferre
445 2770 551 2828 valent.
594 2763 949 2839 111111111101111101
968 2747 1160 2833 afflue-1005

163 2851 184 2908 J
185 2871 267 2922 anua,
281 2854 311 2909 11
325 2844 414 2910 emoti
426 2850 619 2927 procumbunt
633 2850 745 2909 cardine
758 2853 864 2928 postes.

166 2931 217 2988 Fit
230 2931 276 2988 via
289 2930 334 2988 vi:
355 2934 493 3007 rumpunt
507 2930 610 3002 aditus,
624 2931 785 3007 primosque
798 2929 944 2988 trucidant

164 3010 293 3067 Immissi
305 3010 407 3081 Danai,
423 3012 453 3068 et
466 3009 525 3068 late
537 3009 599 3067 loca
611 3009 703 3068 milite
716 3010 869 3086 complent.

163 3090 233 3148 Non
246 3089 295 3161 sic,
309 3090 459 3167 aggeribus
472 3089 565 3166 ruptis
579 3108 667 3166 quum
682 3109 815 3166 spumeus
828 3087 921 3147 amnis

164 3170 255 3241 Exiit,
269 3169 468 3245 oppositasque
481 3169 567 3227 evicit
580 3168 696 3248 gurgite
709 3169 806 3247 moles,
841 3137 1015 3219 saram-lp

165 3249 271 3307 Fertur
283 3248 314 3305 in
328 3269 395 3306 arva
407 3250 503 3306 furens
517 3247 639 3319 cumulo,
652 3268 821 3325 camposque
833 3267 884 3324 per
896 3267 994 3306 omnes

165 3327 239 3385 Cum
253 3328 371 3386 stabulis
385 3332 514 3386 armenta
527 3327 627 3385 trahit.
667 3327 735 3384 Vidi
747 3327 809 3405 ipse
821 3328 964 3385 furentem

165 3406 251 3466 Caede
264 3407 496 3484 Neoptolemum,
510 3407 693 3485 geminosque
705 3407 736 3464 in
749 3407 848 3464 limine
861 3406 998 3465 Atridas:

163 3487 232 3544 Vidi
245 3485 397 3544 Hecubam
410 3491 581 3562 centumque
594 3507 691 3558 nurus,
706 3487 908 3563 Priamumque
921 3506 972 3564 per
985 3506 1053 3545 aras

165 3565 309 3643 Sanguine
321 3565 486 3637 foedantem,
500 3586 571 3643 quos
584 3566 643 3643 ipse
657 3569 824 3637 sacraverat,
837 3566 927 3644 ignes.
1000 3620 1004 3627 .

69 3672 73 3679 .
166 3645 380 3722 Quinquaginta
392 3645 435 3703 illi
447 3645 575 3716 thalami,
589 3665 652 3722 spes
664 3649 749 3704 tanta
761 3649 908 3723 nepotum,

164 3724 318 3784 Barbarico
331 3726 427 3802 postes
441 3745 509 3783 auro
523 3725 674 3802 spoliisque
687 3727 809 3803 superbi,

164 3804 359 3864 Procubuere:
379 3808 481 3879 tenent
494 3804 596 3875 Danai,
610 3825 666 3882 qua
678 3805 775 3864 deficit
787 3804 872 3883 ignis.

204 3883 366 3944 “Forsitan
379 3887 410 3944 et
423 3883 532 3947 Priami
543 3883 651 3942 fuerint
664 3905 725 3962 qua
738 3885 806 3956 fata,
820 3883 956 3962 requiras

154 3963 244 4027 Urbis
259 3965 306 4029 uti
319 3969 414 4050 capta
428 3986 530 4029 casum
541 3964 732 4044 convulsaque
742 3965 819 4024 vidit
