2506 4298
492 237 633 281 AENEIDOS
647 239 710 281 ΗΒ.
724 239 761 281 11.

150 378 214 438 Nos
228 381 329 438 conire
341 379 423 438 effusi
434 377 566 452 lacrimis,
580 381 738 458 conjuxque
752 381 867 454 Oreiisa,

150 459 355 536 Ascaniusque,
368 459 515 537 omnisque
528 460 637 532 domus,
650 481 687 520 ne
696 465 805 520 verbere
818 482 914 520 secum
967 524 972 541 Ι
1041 526 1045 532 ,

151 538 264 597 Cuncba
277 541 367 617 paler,
380 539 495 616 saboque
508 541 624 616 urgenti
635 540 797 600 incumbere
809 542 904 600 vellet.
951 544 968 595 fl
984 568 1016 595 aa

151 619 297 697 Abnegat,
310 619 479 696 incepboque
493 623 523 677 et
536 620 648 678 sedibus
662 616 751 679 hae'ieb
764 621 795 678 in
808 621 906 679 isdem.

151 698 263 756 Rursus
276 698 307 756 in
321 718 399 756 arma
411 698 493 770 feror,
506 702 685 776 mortemque
697 701 871 759 miserrimus
884 704 961 778 op'co.

150 778 230 836 Nam
243 778 320 855 quod
333 777 481 836 consilium
495 780 546 836 aut
559 799 620 855 quae
629 779 692 857 jam
704 780 820 838 sorbuna
831 778 977 840 dabatur?

151 857 258 917 ‘Mene
271 858 369 916 efferre
381 857 490 935 pedem,
504 858 625 935 genitor,
638 861 668 917 'ce
681 879 763 935 posse
775 860 874 919 relicio

150 935 301 1014 sperasti?
321 939 492 1014 tantumque
505 938 582 996 nefas
596 938 688 1015 patrio
702 938 806 998 excidii
819 939 890 999 cre?

150 1016 183 1074 Si
194 1017 268 1075 nihil
280 1037 314 1076 ex
327 1016 411 1075 bunia
423 1017 531 1094 superis
543 1017 637 1093 placeb
649 1019 719 1077 urbe
731 1018 860 1096 relinqui,

150 1096 195 1154 Et
207 1097 287 1155 sedel
300 1097 355 1155 hoc
368 1096 472 1167 animo,
484 1096 673 1174 periburaeque
687 1098 787 1156 addere
801 1098 891 1176 Trojae

152 1176 249 1254 Teque
261 1178 383 1253 tuosque
392 1176 485 1252 juvat,
498 1178 579 1253 patei
592 1176 642 1235 isli
650 1178 739 1254 janua
750 1178 809 1236 lebo
821 1203 827 1249 ;

152 1255 276 1333 Jamque
289 1255 380 1314 aderit
393 1256 486 1314 multo
499 1256 607 1313 Priami
621 1256 655 1314 de
668 1257 804 1333 sanguine
818 1257 955 1335 Pyrrhus,

151 1334 266 1393 Nabum
279 1338 346 1394 ante
359 1355 409 1393 ora
421 1335 518 1412 pairis,
532 1338 643 1412 patrem
656 1337 705 1413 qui
719 1337 871 1395 obbruncai
884 1338 920 1395 ad
933 1357 1003 1395 aree.

152 1414 219 1474 Hoc
232 1418 303 1487 erat,
316 1415 391 1473 alma
403 1435 511 1492 parens,
525 1416 602 1492 quod
614 1435 660 1473 mc
672 1436 723 1492 per
735 1417 802 1489 tela,
816 1437 866 1494 per
878 1417 958 1495 ignes

152 1494 258 1571 Eripis,
269 1498 306 1573 ut
317 1494 418 1553 mediis
431 1494 544 1552 hostem
557 1495 588 1552 in
600 1495 801 1573 penebralibus,
814 1500 903 1574 utque

151 1574 316 1646 Ascanium,
329 1577 495 1652 patremque
508 1594 612 1645 meum,
621 1575 761 1652 juxtaque
775 1575 919 1647 Creusam,

152 1654 286 1712 Alterum
298 1654 329 1712 in
342 1654 457 1712 alberius
471 1656 612 1712 mactabos
625 1655 762 1732 sanguine
775 1654 911 1714 cernam?

152 1734 250 1805 Arma,
263 1733 326 1805 viri,
340 1734 412 1792 ferte
425 1753 519 1791 arma:
540 1737 623 1792 vocab
636 1735 686 1792 lux
699 1735 802 1793 ultima
814 1735 914 1792 victos.

153 1812 278 1872 Reddibe
291 1833 338 1871 me
351 1812 476 1885 Danais;
497 1813 581 1871 sinite
594 1812 754 1872 instaurata
766 1814 886 1872 revisam

152 1892 266 1952 Proelia.
308 1891 465 1971 Nunquam
479 1913 576 1951 omnes
589 1893 673 1951 hodie
686 1893 839 1951 moriemur
851 1893 955 1952 inulti?

191 1972 299 2031 “Hinc
312 1973 385 2031 ferro
398 1972 530 2049 accingor
540 1992 646 2044 rursus,
660 1972 803 2050 clipeoque
816 1974 961 2032 sinistram

153 2051 332 2111 Inserbabam
345 2055 455 2130 aptans,
468 2071 569 2129 meque
583 2056 663 2111 extra
675 2055 753 2111 tecla
765 2053 897 2112 ferebam.

153 2132 228 2191 Ecce
241 2134 338 2191 aulem
351 2132 496 2210 complexa
508 2132 592 2209 pedes
605 2133 636 2190 in
648 2133 745 2192 limine
759 2133 861 2211 conjux

153 2211 298 2284 Haerebab,
310 2231 485 2289 parvumque
497 2212 572 2288 pabri
584 2212 721 2271 tendebai
735 2213 848 2272 Iulum:

154 2290 200 2348 ‘si
211 2291 354 2369 peribrrus
368 2291 436 2362 abis,
450 2295 480 2349 eb
493 2311 544 2349 nos
558 2310 624 2368 repe
636 2292 667 2348 in
680 2292 776 2350 omnia
788 2296 901 2365 iecum3

153 2368 203 2427 Sin
216 2370 340 2448 aliquam
353 2374 485 2448 expertus
498 2370 601 2429 sumtis
614 2391 693 2448 spem
706 2372 787 2449 ponis
800 2373 831 2430 in
844 2373 938 2443 armis,

152 2449 238 2509 Hnnc
251 2450 376 2528 primum
388 2454 484 2509 tubam
498 2450 623 2508 domum.
636 2450 719 2508 ·-Oui
731 2472 834 2528 parvus
848 2453 938 2524 Iulus,

153 2527 206 2587 (rui
218 2533 309 2608 pabor,
323 2533 353 2589 et
366 2529 468 2608 conjux
482 2530 624 2607 quondam
637 2532 689 2588 tua
702 2531 779 2589 diota
790 2532 932 2609 relinquor
942 2529 965 2590 i’

191 2614 208 2641 “
217 2609 298 2668 'Pelia
310 2610 465 2669 vociferans
478 2609 589 2687 gemibu
601 2612 712 2668 tectum
725 2631 809 2670 omne
821 2611 948 2688 replebat
960 2634 967 2681 ;

153 2688 248 2761 Quum
261 2689 389 2748 subibum
401 2689 536 2767 dicbuque
549 2689 640 2747 oritur
652 2690 780 2748 mirabile
793 2694 963 2749 monstrum.

151 2768 284 2847 Namque
296 2789 397 2828 manus
410 2769 486 2828 inber
498 2772 717 2846 maestorumque
730 2790 780 2828 ora
791 2774 942 2847 parentum

152 2848 227 2907 Ecce
239 2849 309 2907 levis
322 2869 434 2907 summo
447 2849 482 2908 de
494 2849 600 2907 verlice
612 2849 690 2907 visus
703 2849 762 2907 Iuli

152 2927 283 2987 Prmdere
296 2928 393 2988 lumen
406 2948 485 3006 apex,
497 2932 634 3006 taobuque
646 2929 762 2987 innoxia
773 2929 871 2988 molles

151 3007 290 3067 Lambere
302 3009 418 3066 flamma
430 3028 533 3080 comas,
546 3011 577 3066 et
590 3008 696 3067 circum
709 3011 839 3085 bempora
850 3007 936 3086 pasci.

151 3087 183 3145 N
183 3107 214 3146 os
226 3087 328 3166 pavidi.
334 3087 475 3166 trepidare
488 3090 577 3159 metu,
591 3088 752 3165 crinemque
765 3088 934 3165 flagrantem

151 3166 302 3240 Excutere,
315 3171 346 3226 et
359 3169 472 3226 sancbos
484 3167 659 3244 restinguere
671 3167 798 3226 fonlibus
810 3167 900 3245 ignes.

151 3248 194 3305 Ab
206 3249 288 3324 pater
300 3247 439 3307 Anchises
452 3247 547 3306 oculos
561 3248 597 3305 ed
609 3247 701 3305 sidera
712 3247 797 3306 laetus

151 3326 276 3398 uxama,
290 3329 320 3386 eb
333 3327 403 3386 coelo
416 3327 524 3405 palmas
538 3347 603 3384 cum
616 3346 684 3386 voce
697 3326 838 3384 telendit:

151 3406 285 3484 ‘Jupiter
297 3406 485 3484 omnipotens,
497 3406 626 3484 precibus
640 3406 664 3464 si
677 3406 798 3465 flecteris
810 3405 883 3476 ullis,

151 3486 255 3564 Aspice
267 3506 336 3559 nos;
349 3487 404 3545 hoc
417 3489 549 3558 ianuam
569 3489 607 3557 ei,
621 3485 646 3544 si
658 3485 766 3562 pietate
779 3505 927 3557 meremur,

151 3566 199 3625 De
211 3565 312 3626 deinde
325 3565 468 3638 auxilium,
483 3569 572 3643 pater,
586 3568 671 3642 aeque
684 3566 744 3623 haec
758 3565 853 3624 omina
866 3564 965 3623 firma.’
995 3579 1089 3664 can-7²:

190 3649 208 3676 “
216 3645 274 3703 Vix
287 3646 408 3705 casabus
421 3650 482 3705 erat
495 3645 603 3717 senior;
624 3644 773 3722 subitoque
785 3646 896 3723 fragore

151 3724 287 3784 Intonuit
298 3725 414 3798 levum,
428 3729 458 3785 et
471 3726 506 3784 de
519 3725 590 3783 ooelo
603 3725 681 3803 lapsa
692 3744 744 3802 per
755 3725 870 3784 umbras

151 3804 242 3864 sulla
249 3805 341 3864 facem
353 3805 458 3864 ducens
471 3805 564 3863 mulia
576 3824 642 3863 cum
654 3805 717 3863 luce
731 3804 864 3862 cucurrit.

151 3884 247 3958 Illam,
260 3903 371 3944 summa
384 3905 468 3964 super
479 3884 624 3944 labenbem
637 3883 761 3942 culmina
772 3883 854 3958 tecbi,

153 3963 304 4025 (ἓθωίωω
314 3965 395 4024 Idea
406 3964 510 4026 emam
523 3964 689 4027 secundare
702 3963 785 4042 silve,
