2506 4298
477 236 656 278 GEOBGICON
669 237 732 279 ΗΒ.
747 238 769 280 1.

184 376 260 436 Vere
272 397 356 449 novo,
370 377 480 456 gelidus
494 377 570 437 canis
585 399 673 454 quum
687 379 834 438 montibus
846 379 952 439 humor

145 456 290 534 Liquitur,
304 460 335 516 et
348 458 472 535 zephyro
485 458 578 535 putris
593 478 622 516 se
635 459 720 536 gleba
732 460 858 532 resolvit,

144 537 288 614 Depresso
302 536 420 614 incipiat
428 537 489 614 jam
503 539 569 595 tum
581 538 653 595 mihi
666 542 766 597 taurus
780 543 874 598 aratro

145 615 306 694 Ingemere,
320 619 350 675 et
364 617 441 675 sulco
455 617 573 674 attritus
587 617 778 694 splendescere
791 639 897 678 vomer

146 695 203 753 Illa
216 716 297 774 seges
311 697 426 754 demum
438 696 515 754 votis
528 697 675 773 respondit
688 698 766 756 avari

145 776 301 869 Agricola,
314 776 358 834 bis
372 796 436 852 quae
451 776 547 847 solem,
560 777 605 835 bis
618 777 724 855 frigora
737 776 843 849 sensit3

146 853 252 913 Illius'
244 875 391 913 1mmensae
403 857 543 933 ruperunt
555 856 656 914 horrea
668 877 781 915 messes.

188 936 232 994 At
244 935 323 1012 prius
337 936 470 1013 ignotum
483 936 557 994 ferro
571 955 655 1012 quam
668 937 823 994 scindimus
836 957 939 1013 aequor,

145 1015 257 1074 Ventos
271 1018 301 1074 et
314 1016 424 1073 varium
439 1015 504 1072 ooeli
516 1015 681 1092 praediscere
694 1037 803 1074 morem

146 1095 224 1153 Cina
238 1095 285 1168 sit,
298 1115 331 1153 ac
343 1095 451 1172 patrios
465 1095 613 1170 cultusque
626 1095 798 1172 habitusque
810 1096 945 1165 locorum,

146 1175 190 1233 Et
204 1174 274 1250 quid
287 1194 404 1252 quaeque
418 1175 491 1232 ferat
504 1174 591 1252 regio,
605 1179 635 1232 et
649 1176 718 1251 qnid
730 1195 848 1252 quaeque
861 1177 980 1233 recuset.

146 1254 208 1312 Hic
222 1257 342 1332 segetes,
354 1254 412 1312 illio
426 1253 546 1312 veniunt
559 1254 666 1312 felicius
680 1275 757 1327 uvae3

146 1334 271 1392 Arborei
282 1334 358 1392 fetus
372 1334 440 1392 alibi
453 1337 539 1409 atque
551 1334 658 1410 injussa
670 1335 814 1392 virescunt

146 1413 294 1471 Gramina
336 1413 442 1472 Nonne
454 1412 542 1485 vides,
556 1433 667 1472 croceos
680 1418 715 1472 ut
728 1414 846 1471 Tmolus
860 1413 968 1484 odores,

146 1493 234 1551 India
246 1492 341 1551 mittit
354 1493 432 1564 ebur,
446 1493 544 1550 molles
558 1513 610 1551 sua
621 1493 709 1551 thura
722 1493 829 1565 Sabaei3

146 1574 192 1631 At
205 1571 348 1650 Chalybes
361 1573 559 1643 undisonam,
572 1573 720 1650 virosaque
734 1573 846 1631 Pontus

145 1651 293 1723 Castorea,
307 1652 441 1710 Eliadum
454 1652 561 1729 palmas
576 1653 678 1729 Epiros
691 1652 852 1730 equarum?

146 1731 295 1791 Continuo
308 1732 360 1790 has
373 1731 450 1809 leges
464 1735 625 1808 aeternaque
638 1733 744 1791 foedera
756 1733 841 1790 certis

147 1810 295 1904 Imposuit
307 1816 411 1870 natura
422 1811 500 1883 locis,
514 1831 570 1887 quo
578 1814 716 1904 ‘tempore
724 1813 849 1889 primum

146 1890 306 1951 Deucalion
321 1910 443 1950 vacuum
456 1891 563 1968 lapides
572 1891 716 1969 jactavit
708 1913 739 1949 m
755 1892 860 1962 orbem,

146 1970 236 2031 Unde
248 1971 379 2030 homines
391 1972 462 2043 nati,
476 1972 579 2029 durum
592 1991 692 2048 genus
732 1972 794 2049 Erg
776 1992 812 2028 oo
825 1990 887 2048 age,
899 1972 983 2028 terrae

145 2048 263 2131 Pingue
275 2050 368 2109 solum
380 2050 479 2128 primis
493 2051 635 2128 extemplo
649 2071 666 2108 a
678 2052 821 2110 mensibus
835 2050 902 2109 anni

147 2130 255 2191 Fortes
267 2130 413 2189 invertant
426 2130 503 2188 tauri
504 2130 676 2208 ‚glebasque
686 2131 813 2208 jacentes

147 2208 361 2269 hamdene
373 2213 477 2288 coquat
489 2211 610 2268 maturis
620 2211 726 2268 solibus
740 2215 838 2269 astas:

146 2290 195 2349 At
206 2289 233 2349 ci
243 2309 304 2349 non
315 2290 402 2348 firerit
415 2289 501 2348 tellus
514 2291 641 2362 fecunda,
655 2291 708 2348 sub
721 2291 815 2367 ipsum

90 2384 100 2403 ⁶
146 2368 309 2431 murum
322 2369 401 2428 tenui
416 2372 462 2427 sat
475 2369 530 2428 erit
544 2370 712 2447 suspendere
726 2370 820 2442 sulco;

102 2444 109 2451 ’
147 2448 227 2523 Illic,
239 2448 365 2509 officiant
378 2449 451 2507 laetis
464 2469 500 2508 ne
513 2449 643 2526 frugibus
656 2449 761 2521 herba,

148 2526 223 2601 llio,
235 2528 362 2589 sterilem
374 2529 494 2606 exiguus
507 2549 544 2587 ne
558 2530 668 2588 deserat
681 2530 784 2588 humor
798 2549 920 2588 arenam.

189 2608 320 2669 Alternis
332 2609 409 2667 idem
421 2615 520 2667 tonsas
534 2629 640 2668 cessare
653 2610 767 2668 novales

147 2688 195 2747 Et
278 2708 325 2747 em
337 2688 445 2766 patiere
458 2689 517 2747 situ
530 2689 676 2748 durescere
688 2709 837 2767 campum3

148 2768 216 2827 Aue
227 2767 239 2826 i
257 2768 269 2826 i
280 2768 356 2827 flava
367 2788 442 2827 seres
454 2772 568 2827 mutato
582 2769 671 2827 sidere
684 2769 766 2840 farra,

149 2846 239 2907 Unde
251 2847 330 2926 prius
342 2848 445 2907 laetum
458 2848 561 2924 siliqua
574 2852 724 2924 quassante
737 2849 880 2926 legumen,

151 2928 217 2986 Aut
229 2931 330 2986 tenues
343 2928 419 2986 fetus
432 2927 514 2987 viciae
526 2928 674 3005 tristisque
686 2928 777 3005 lupini

152 3006 310 3066 sustuleris
322 3008 435 3084 fragiles
449 3008 570 3066 calamos
584 3008 738 3084 silvamque
751 3010 909 3065 sonantem.

152 3088 224 3146 Urit
236 3087 313 3146 enim
326 3087 379 3145 lini
392 3107 525 3163 campum
538 3107 626 3164 seges,
639 3087 698 3145 urit
712 3107 823 3158 avenae;

153 3167 255 3226 Urunt
267 3167 389 3225 Lethaeo
402 3168 514 3244 perfirsa
525 3186 664 3244 papavera
676 3187 785 3225 somno.

154 3247 213 3306 Sed
223 3251 322 3305 tamen
335 3247 452 3304 alternis
464 3246 553 3304 facilis
566 3247 653 3318 labor,
667 3246 745 3304 aride
757 3248 874 3304 tantum

153 3328 202 3387 Ne
215 3329 343 3386 saturare
357 3327 424 3385 fimo
437 3326 538 3404 pingui
551 3326 657 3403 pudeat
670 3326 737 3397 sola,
751 3346 821 3384 neve

152 3407 266 3466 Effetos
280 3407 401 3465 cinerem
414 3407 594 3464 immundum
603 3407 712 3484 jactare
725 3425 776 3482 per
788 3424 880 3483 agros.

152 3486 200 3547 Sic
214 3505 326 3565 quoque
339 3487 459 3544 mutatis
472 3485 652 3561 requiescunt
664 3485 770 3543 fetibus
783 3500 866 3555 arva}

154 3567 218 3626 Nec
230 3567 312 3625 nulla
323 3566 432 3624 interea
445 3569 489 3624 est
501 3566 621 3623 inaratae
635 3565 729 3642 gratia
741 3569 832 3623 terrae

153 3646 236 3724 Saepe
250 3647 338 3705 etiam
351 3646 460 3704 steriles
473 3646 621 3703 incendere
634 3645 741 3722 profuit
756 3665 847 3723 agros,

154 3728 253 3804 Atque
265 3725 358 3785 levem
372 3725 507 3803 stipulam
521 3724 726 3802 crepitantibus
739 3745 820 3784 urere
833 3723 971 3781 flammis:

155 3806 221 3865 Sive
233 3806 302 3865 inde
315 3805 480 3864 occultas
453 3824 527 3862 vires
541 3807 571 3862 et
584 3804 689 3880 pabula
701 3807 787 3863 terrae

155 3884 281 3965 Pinguia
294 3884 476 3963 concipiunt3
496 3883 555 3942 sive
567 3883 623 3942 illis
637 3904 721 3943 omne
734 3883 894 3961 perignem

155 3965 337 4043 Exsequitur
349 3965 460 4038 vitium,
473 3984 490 4023 a
493 3967 561 4041 tque
573 3964 681 4025 exudat
693 3962 807 4026 inutilis
818 3962 945 4038 humor,

613 4063 638 4108 D
