<?xml version="1.0" encoding="UTF-8"?>
<!DOCTYPE html PUBLIC "-//W3C//DTD XHTML 1.0 Transitional//EN"
    "http://www.w3.org/TR/xhtml1/DTD/xhtml1-transitional.dtd">
<html xmlns="http://www.w3.org/1999/xhtml" xml:lang="en" lang="en">
 <head>
  <title>
</title>
<meta http-equiv="Content-Type" content="text/html;charset=utf-8" />
  <meta name='ocr-system' content='tesseract 3.04.00' />
  <meta name='ocr-capabilities' content='ocr_page ocr_carea ocr_par ocr_line ocrx_word'/>
</head>
<body>
  <div class='ocr_page' id='page_1' title='image "./workspubliusvir00thomgoog_0191.png"; bbox 0 0 2506 4298; ppageno 0'>
   <div class='ocr_carea' id='block_1_1' title="bbox 147 203 787 280">
    <p class='ocr_par' dir='ltr' id='par_1_1' title="bbox 147 203 787 280">
     <span class='ocr_line' id='line_1_1' title="bbox 147 203 787 280; baseline 0 -1"><span class='ocrx_word' id='word_1_1' title='bbox 147 203 204 280; x_wconf 75' lang='lat'>154</span> <span class='ocrx_word' id='word_1_2' title='bbox 450 237 787 280; x_wconf 75' lang='lat' dir='ltr'>r.vracrn11manor1s</span> 
     </span>
    </p>
   </div>
   <div class='ocr_carea' id='block_1_2' title="bbox 67 377 983 4048">
    <p class='ocr_par' dir='ltr' id='par_1_2' title="bbox 67 377 983 2528">
     <span class='ocr_line' id='line_1_2' title="bbox 148 377 880 457; baseline 0.005 -20"><span class='ocrx_word' id='word_1_3' title='bbox 148 377 322 437; x_wconf 88' lang='lat' dir='ltr'>Instruimus</span> <span class='ocrx_word' id='word_1_4' title='bbox 335 399 455 451; x_wconf 88' lang='lat' dir='ltr'>mensas,</span> <span class='ocrx_word' id='word_1_5' title='bbox 469 379 579 457; x_wconf 89' lang='lat' dir='ltr'>arisque</span> <span class='ocrx_word' id='word_1_6' title='bbox 591 379 753 456; x_wconf 86' lang='lat' dir='ltr'>reponimus</span> <span class='ocrx_word' id='word_1_7' title='bbox 766 381 880 457; x_wconf 83' lang='lat' dir='ltr'>ignem:</span> 
     </span>
     <span class='ocr_line' id='line_1_3' title="bbox 147 458 803 536; baseline 0.002 -19"><span class='ocrx_word' id='word_1_8' title='bbox 147 459 275 518; x_wconf 84' lang='lat' dir='ltr'>Rursum</span> <span class='ocrx_word' id='word_1_9' title='bbox 288 479 323 517; x_wconf 89' lang='lat' dir='ltr'>ex</span> <span class='ocrx_word' id='word_1_10' title='bbox 336 458 445 517; x_wconf 88' lang='lat' dir='ltr'>diverso</span> <span class='ocrx_word' id='word_1_11' title='bbox 460 459 523 517; x_wconf 87' lang='lat' dir='ltr'>coeli</span> <span class='ocrx_word' id='word_1_12' title='bbox 536 459 674 536; x_wconf 84' lang='lat' dir='ltr'>caecisque</span> <span class='ocrx_word' id='word_1_13' title='bbox 687 460 803 518; x_wconf 81' lang='lat' dir='ltr'>latebris</span> 
     </span>
     <span class='ocr_line' id='line_1_4' title="bbox 148 538 930 617; baseline 0.005 -21"><span class='ocrx_word' id='word_1_14' title='bbox 148 539 244 596; x_wconf 84' lang='lat' dir='ltr'>Turba</span> <span class='ocrx_word' id='word_1_15' title='bbox 258 559 359 596; x_wconf 89' lang='lat' dir='ltr'>sonans</span> <span class='ocrx_word' id='word_1_16' title='bbox 372 539 497 617; x_wconf 84' lang='lat' dir='ltr'>praedam</span> <span class='ocrx_word' id='word_1_17' title='bbox 510 538 629 616; x_wconf 88' lang='lat' dir='ltr'>pedibus</span> <span class='ocrx_word' id='word_1_18' title='bbox 642 539 827 598; x_wconf 85' lang='lat' dir='ltr'>circumvolat</span> <span class='ocrx_word' id='word_1_19' title='bbox 841 541 930 615; x_wconf 88' lang='lat' dir='ltr'>uncis,</span> 
     </span>
     <span class='ocr_line' id='line_1_5' title="bbox 148 618 907 696; baseline 0.004 -20"><span class='ocrx_word' id='word_1_20' title='bbox 148 618 258 676; x_wconf 87' lang='lat' dir='ltr'>Polluit</span> <span class='ocrx_word' id='word_1_21' title='bbox 271 638 318 677; x_wconf 91' lang='lat' dir='ltr'>ore</span> <span class='ocrx_word' id='word_1_22' title='bbox 332 619 425 695; x_wconf 89' lang='lat' dir='ltr'>dapes.</span> <span class='ocrx_word' id='word_1_23' title='bbox 466 618 554 676; x_wconf 88' lang='lat' dir='ltr'>Sociis</span> <span class='ocrx_word' id='word_1_24' title='bbox 567 621 647 690; x_wconf 87' lang='lat' dir='ltr'>tunc,</span> <span class='ocrx_word' id='word_1_25' title='bbox 660 639 739 677; x_wconf 86' lang='lat' dir='ltr'>arma</span> <span class='ocrx_word' id='word_1_26' title='bbox 752 625 907 696; x_wconf 83' lang='lat' dir='ltr'>capessant,</span> 
     </span>
     <span class='ocr_line' id='line_1_6' title="bbox 147 697 847 776; baseline 0.001 -20"><span class='ocrx_word' id='word_1_27' title='bbox 147 697 247 770; x_wconf 85' lang='lat' dir='ltr'>Edico,</span> <span class='ocrx_word' id='word_1_28' title='bbox 261 701 290 756; x_wconf 87' lang='lat' dir='ltr'>et</span> <span class='ocrx_word' id='word_1_29' title='bbox 304 698 365 756; x_wconf 88' lang='lat' dir='ltr'>dira</span> <span class='ocrx_word' id='word_1_30' title='bbox 377 698 485 756; x_wconf 88' lang='lat' dir='ltr'>bellmn</span> <span class='ocrx_word' id='word_1_31' title='bbox 498 718 563 756; x_wconf 92' lang='lat' dir='ltr'>cum</span> <span class='ocrx_word' id='word_1_32' title='bbox 576 701 663 776; x_wconf 86' lang='lat' dir='ltr'>gente</span> <span class='ocrx_word' id='word_1_33' title='bbox 675 700 847 776; x_wconf 87' lang='lat' dir='ltr'>gerendum:</span> 
     </span>
     <span class='ocr_line' id='line_1_7' title="bbox 149 777 942 855; baseline 0.005 -20"><span class='ocrx_word' id='word_1_34' title='bbox 149 777 238 835; x_wconf 86' lang='lat' dir='ltr'>Haud</span> <span class='ocrx_word' id='word_1_35' title='bbox 251 797 330 836; x_wconf 89' lang='lat' dir='ltr'>secus</span> <span class='ocrx_word' id='word_1_36' title='bbox 343 797 376 836; x_wconf 85' lang='lat' dir='ltr'>ac</span> <span class='ocrx_word' id='word_1_37' title='bbox 385 777 458 855; x_wconf 88' lang='lat' dir='ltr'>jussi</span> <span class='ocrx_word' id='word_1_38' title='bbox 470 778 588 849; x_wconf 86' lang='lat' dir='ltr'>fuciunt,</span> <span class='ocrx_word' id='word_1_39' title='bbox 601 781 748 855; x_wconf 85' lang='lat' dir='ltr'>tectosque</span> <span class='ocrx_word' id='word_1_40' title='bbox 761 799 811 855; x_wconf 92' lang='lat' dir='ltr'>per</span> <span class='ocrx_word' id='word_1_41' title='bbox 823 780 942 839; x_wconf 86' lang='lat' dir='ltr'><strong>herbam</strong></span> 
     </span>
     <span class='ocr_line' id='line_1_8' title="bbox 148 857 834 934; baseline 0.004 -20"><span class='ocrx_word' id='word_1_42' title='bbox 148 857 314 934; x_wconf 85' lang='lat' dir='ltr'>Disponunt</span> <span class='ocrx_word' id='word_1_43' title='bbox 327 877 415 928; x_wconf 91' lang='lat' dir='ltr'>enses,</span> <span class='ocrx_word' id='word_1_44' title='bbox 429 860 459 916; x_wconf 85' lang='lat' dir='ltr'>et</span> <span class='ocrx_word' id='word_1_45' title='bbox 472 860 554 915; x_wconf 87' lang='lat' dir='ltr'>scuta</span> <span class='ocrx_word' id='word_1_46' title='bbox 565 857 687 916; x_wconf 84' lang='lat' dir='ltr'>latentia</span> <span class='ocrx_word' id='word_1_47' title='bbox 698 858 834 917; x_wconf 90' lang='lat' dir='ltr'>condunt.</span> 
     </span>
     <span class='ocr_line' id='line_1_9' title="bbox 148 936 848 1014; baseline 0.006 -21"><span class='ocrx_word' id='word_1_48' title='bbox 148 936 237 1014; x_wconf 83' lang='lat' dir='ltr'>Ergo,</span> <span class='ocrx_word' id='word_1_49' title='bbox 250 936 301 995; x_wconf 90' lang='lat' dir='ltr'>ubi</span> <span class='ocrx_word' id='word_1_50' title='bbox 313 937 433 1013; x_wconf 84' lang='lat' dir='ltr'>delapsae</span> <span class='ocrx_word' id='word_1_51' title='bbox 447 937 574 995; x_wconf 91' lang='lat' dir='ltr'>sonitum</span> <span class='ocrx_word' id='word_1_52' title='bbox 585 956 636 1014; x_wconf 89' lang='lat' dir='ltr'>per</span> <span class='ocrx_word' id='word_1_53' title='bbox 649 957 735 995; x_wconf 87' lang='lat' dir='ltr'>curva</span> <span class='ocrx_word' id='word_1_54' title='bbox 747 938 848 997; x_wconf 83' lang='lat' dir='ltr'>dedere</span> 
     </span>
     <span class='ocr_line' id='line_1_10' title="bbox 149 1004 839 1094; baseline 0.003 -20"><span class='ocrx_word' id='word_1_55' title='bbox 149 1004 257 1088; x_wconf 74' lang='lat' dir='ltr'>Litort,</span> <span class='ocrx_word' id='word_1_56' title='bbox 272 1017 321 1076; x_wconf 82' lang='lat' dir='ltr'>dat</span> <span class='ocrx_word' id='word_1_57' title='bbox 334 1017 450 1094; x_wconf 88' lang='lat' dir='ltr'>signum</span> <span class='ocrx_word' id='word_1_58' title='bbox 463 1017 575 1094; x_wconf 87' lang='lat' dir='ltr'>specula</span> <span class='ocrx_word' id='word_1_59' title='bbox 587 1017 717 1075; x_wconf 86' lang='lat' dir='ltr'>Misenus</span> <span class='ocrx_word' id='word_1_60' title='bbox 731 1018 766 1076; x_wconf 85' lang='lat' dir='ltr'>ab</span> <span class='ocrx_word' id='word_1_61' title='bbox 779 1017 839 1076; x_wconf 87' lang='lat' dir='ltr'>alta</span> 
     </span>
     <span class='ocr_line' id='line_1_11' title="bbox 150 1096 965 1174; baseline 0.005 -21"><span class='ocrx_word' id='word_1_62' title='bbox 150 1096 218 1154; x_wconf 82' lang='lat' dir='ltr'>AErc</span> <span class='ocrx_word' id='word_1_63' title='bbox 231 1116 309 1154; x_wconf 88' lang='lat' dir='ltr'>cavo.</span> <span class='ocrx_word' id='word_1_64' title='bbox 349 1096 497 1155; x_wconf 84' lang='lat' dir='ltr'>Invadunt</span> <span class='ocrx_word' id='word_1_65' title='bbox 510 1096 586 1166; x_wconf 90' lang='lat' dir='ltr'>socii,</span> <span class='ocrx_word' id='word_1_66' title='bbox 600 1100 630 1154; x_wconf 83' lang='lat' dir='ltr'>et</span> <span class='ocrx_word' id='word_1_67' title='bbox 642 1116 717 1155; x_wconf 87' lang='lat' dir='ltr'>nova</span> <span class='ocrx_word' id='word_1_68' title='bbox 729 1098 828 1174; x_wconf 89' lang='lat' dir='ltr'>proelia</span> <span class='ocrx_word' id='word_1_69' title='bbox 840 1101 965 1171; x_wconf 86' lang='lat' dir='ltr'>tentant,</span> 
     </span>
     <span class='ocr_line' id='line_1_12' title="bbox 150 1176 750 1254; baseline 0.003 -21"><span class='ocrx_word' id='word_1_70' title='bbox 150 1177 292 1234; x_wconf 74' lang='lat' dir='ltr'>Obscenae</span> <span class='ocrx_word' id='word_1_71' title='bbox 304 1176 398 1254; x_wconf 85' lang='lat' dir='ltr'>pelagi</span> <span class='ocrx_word' id='word_1_72' title='bbox 410 1176 484 1234; x_wconf 87' lang='lat' dir='ltr'>ferro</span> <span class='ocrx_word' id='word_1_73' title='bbox 497 1176 602 1234; x_wconf 88' lang='lat' dir='ltr'>foedare</span> <span class='ocrx_word' id='word_1_74' title='bbox 615 1176 750 1235; x_wconf 90' lang='lat' dir='ltr'>volucres.</span> 
     </span>
     <span class='ocr_line' id='line_1_13' title="bbox 150 1255 898 1335; baseline 0.004 -22"><span class='ocrx_word' id='word_1_75' title='bbox 150 1255 206 1313; x_wconf 85' lang='lat' dir='ltr'>Sed</span> <span class='ocrx_word' id='word_1_76' title='bbox 218 1275 309 1332; x_wconf 89' lang='lat' dir='ltr'>neque</span> <span class='ocrx_word' id='word_1_77' title='bbox 321 1256 381 1313; x_wconf 88' lang='lat' dir='ltr'>vim</span> <span class='ocrx_word' id='word_1_78' title='bbox 394 1255 498 1333; x_wconf 83' lang='lat' dir='ltr'>plumis</span> <span class='ocrx_word' id='word_1_79' title='bbox 512 1255 608 1327; x_wconf 88' lang='lat' dir='ltr'>ullam,</span> <span class='ocrx_word' id='word_1_80' title='bbox 621 1275 673 1314; x_wconf 92' lang='lat' dir='ltr'>nec</span> <span class='ocrx_word' id='word_1_81' title='bbox 685 1255 804 1314; x_wconf 82' lang='lat' dir='ltr'>vulnera</span> <span class='ocrx_word' id='word_1_82' title='bbox 815 1259 898 1335; x_wconf 85' lang='lat' dir='ltr'>tergo</span> 
     </span>
     <span class='ocr_line' id='line_1_14' title="bbox 149 1334 826 1413; baseline 0.003 -21"><span class='ocrx_word' id='word_1_83' title='bbox 149 1334 320 1412; x_wconf 84' lang='lat' dir='ltr'>Accipiunt3</span> <span class='ocrx_word' id='word_1_84' title='bbox 340 1335 477 1413; x_wconf 90' lang='lat' dir='ltr'>celerique</span> <span class='ocrx_word' id='word_1_85' title='bbox 490 1336 559 1412; x_wconf 85' lang='lat' dir='ltr'>fuga</span> <span class='ocrx_word' id='word_1_86' title='bbox 571 1336 624 1393; x_wconf 91' lang='lat' dir='ltr'>sub</span> <span class='ocrx_word' id='word_1_87' title='bbox 638 1335 729 1394; x_wconf 85' lang='lat' dir='ltr'>sidera</span> <span class='ocrx_word' id='word_1_88' title='bbox 740 1336 826 1412; x_wconf 83' lang='lat' dir='ltr'>lapsae</span> 
     </span>
     <span class='ocr_line' id='line_1_15' title="bbox 150 1415 882 1492; baseline 0.003 -20"><span class='ocrx_word' id='word_1_89' title='bbox 150 1415 294 1473; x_wconf 90' lang='lat' dir='ltr'>Semesam</span> <span class='ocrx_word' id='word_1_90' title='bbox 306 1416 430 1492; x_wconf 88' lang='lat' dir='ltr'>praedam</span> <span class='ocrx_word' id='word_1_91' title='bbox 443 1418 473 1474; x_wconf 91' lang='lat' dir='ltr'>et</span> <span class='ocrx_word' id='word_1_92' title='bbox 486 1415 609 1492; x_wconf 88' lang='lat' dir='ltr'>vestigia</span> <span class='ocrx_word' id='word_1_93' title='bbox 621 1415 697 1473; x_wconf 84' lang='lat' dir='ltr'>foeda</span> <span class='ocrx_word' id='word_1_94' title='bbox 708 1415 882 1492; x_wconf 90' lang='lat' dir='ltr'>relinquunt.</span> 
     </span>
     <span class='ocr_line' id='line_1_16' title="bbox 149 1493 762 1571; baseline 0.002 -20"><span class='ocrx_word' id='word_1_95' title='bbox 149 1494 217 1552; x_wconf 89' lang='lat' dir='ltr'>Una</span> <span class='ocrx_word' id='word_1_96' title='bbox 229 1494 260 1552; x_wconf 90' lang='lat' dir='ltr'>in</span> <span class='ocrx_word' id='word_1_97' title='bbox 272 1495 404 1571; x_wconf 84' lang='lat' dir='ltr'>praecelsa</span> <span class='ocrx_word' id='word_1_98' title='bbox 417 1495 546 1553; x_wconf 89' lang='lat' dir='ltr'>concedit</span> <span class='ocrx_word' id='word_1_99' title='bbox 558 1515 628 1571; x_wconf 90' lang='lat' dir='ltr'>rupe</span> <span class='ocrx_word' id='word_1_100' title='bbox 642 1493 762 1567; x_wconf 83' lang='lat' dir='ltr'>Oelaeno,</span> 
     </span>
     <span class='ocr_line' id='line_1_17' title="bbox 151 1574 876 1651; baseline 0.004 -20"><span class='ocrx_word' id='word_1_101' title='bbox 151 1574 255 1632; x_wconf 78' lang='lat' dir='ltr'>Infelix</span> <span class='ocrx_word' id='word_1_102' title='bbox 268 1577 357 1645; x_wconf 87' lang='lat' dir='ltr'>vates,</span> <span class='ocrx_word' id='word_1_103' title='bbox 370 1574 534 1651; x_wconf 73' lang='lat' dir='ltr'>rumpitque</span> <span class='ocrx_word' id='word_1_104' title='bbox 547 1575 621 1633; x_wconf 91' lang='lat' dir='ltr'>hanc</span> <span class='ocrx_word' id='word_1_105' title='bbox 634 1578 747 1651; x_wconf 84' lang='lat' dir='ltr'>pectore</span> <span class='ocrx_word' id='word_1_106' title='bbox 760 1594 876 1634; x_wconf 82' lang='lat' dir='ltr'>vocem:</span> 
     </span>
     <span class='ocr_line' id='line_1_18' title="bbox 151 1654 950 1731; baseline 0.005 -21"><span class='ocrx_word' id='word_1_107' title='bbox 151 1654 282 1712; x_wconf 86' lang='lat' dir='ltr'>‘Bellum</span> <span class='ocrx_word' id='word_1_108' title='bbox 295 1654 382 1712; x_wconf 89' lang='lat' dir='ltr'>etiam</span> <span class='ocrx_word' id='word_1_109' title='bbox 394 1674 446 1731; x_wconf 90' lang='lat' dir='ltr'>pro</span> <span class='ocrx_word' id='word_1_110' title='bbox 460 1655 534 1712; x_wconf 84' lang='lat' dir='ltr'>oaede</span> <span class='ocrx_word' id='word_1_111' title='bbox 547 1654 635 1712; x_wconf 91' lang='lat' dir='ltr'>boum</span> <span class='ocrx_word' id='word_1_112' title='bbox 649 1654 803 1731; x_wconf 87' lang='lat' dir='ltr'>stratisque</span> <span class='ocrx_word' id='word_1_113' title='bbox 811 1655 950 1731; x_wconf 88' lang='lat' dir='ltr'>juvencis,</span> 
     </span>
     <span class='ocr_line' id='line_1_19' title="bbox 151 1733 807 1810; baseline -0.002 -19"><span class='ocrx_word' id='word_1_114' title='bbox 151 1734 408 1805; x_wconf 83' lang='lat' dir='ltr'>Laomedontiadas,</span> <span class='ocrx_word' id='word_1_115' title='bbox 421 1733 564 1791; x_wconf 88' lang='lat' dir='ltr'>bellumne</span> <span class='ocrx_word' id='word_1_116' title='bbox 576 1734 679 1791; x_wconf 85' lang='lat' dir='ltr'>inferre</span> <span class='ocrx_word' id='word_1_117' title='bbox 692 1734 807 1810; x_wconf 85' lang='lat' dir='ltr'>paratis,</span> 
     </span>
     <span class='ocr_line' id='line_1_20' title="bbox 150 1812 838 1892; baseline 0.003 -22"><span class='ocrx_word' id='word_1_118' title='bbox 150 1814 193 1870; x_wconf 82' lang='lat' dir='ltr'>Et</span> <span class='ocrx_word' id='word_1_119' title='bbox 206 1814 299 1890; x_wconf 87' lang='lat' dir='ltr'>patrio</span> <span class='ocrx_word' id='word_1_120' title='bbox 312 1814 457 1892; x_wconf 83' lang='lat' dir='ltr'>Harpyias</span> <span class='ocrx_word' id='word_1_121' title='bbox 471 1813 597 1871; x_wconf 85' lang='lat' dir='ltr'>insontes</span> <span class='ocrx_word' id='word_1_122' title='bbox 610 1813 714 1890; x_wconf 91' lang='lat' dir='ltr'>pellere</span> <span class='ocrx_word' id='word_1_123' title='bbox 726 1812 838 1890; x_wconf 76' lang='lat' dir='ltr'>regno?</span> 
     </span>
     <span class='ocr_line' id='line_1_21' title="bbox 150 1892 924 1970; baseline 0 -19"><span class='ocrx_word' id='word_1_124' title='bbox 150 1892 280 1970; x_wconf 74' lang='lat' dir='ltr'>Accipite</span> <span class='ocrx_word' id='word_1_125' title='bbox 294 1913 361 1970; x_wconf 89' lang='lat' dir='ltr'>ergo</span> <span class='ocrx_word' id='word_1_126' title='bbox 375 1893 476 1951; x_wconf 87' lang='lat' dir='ltr'>animis</span> <span class='ocrx_word' id='word_1_127' title='bbox 489 1895 575 1970; x_wconf 87' lang='lat' dir='ltr'>atque</span> <span class='ocrx_word' id='word_1_128' title='bbox 587 1893 647 1951; x_wconf 85' lang='lat' dir='ltr'>haec</span> <span class='ocrx_word' id='word_1_129' title='bbox 661 1913 725 1951; x_wconf 85' lang='lat' dir='ltr'>mea</span> <span class='ocrx_word' id='word_1_130' title='bbox 737 1892 819 1970; x_wconf 86' lang='lat' dir='ltr'>figite</span> <span class='ocrx_word' id='word_1_131' title='bbox 832 1893 924 1951; x_wconf 87' lang='lat' dir='ltr'>dicta:</span> 
     </span>
     <span class='ocr_line' id='line_1_22' title="bbox 152 1972 983 2050; baseline 0.002 -20"><span class='ocrx_word' id='word_1_132' title='bbox 152 1973 221 2044; x_wconf 78' lang='lat' dir='ltr'>Quae</span> <span class='ocrx_word' id='word_1_133' title='bbox 235 1972 345 2031; x_wconf 88' lang='lat' dir='ltr'>Phoebo</span> <span class='ocrx_word' id='word_1_134' title='bbox 358 1977 440 2050; x_wconf 87' lang='lat' dir='ltr'>pater</span> <span class='ocrx_word' id='word_1_135' title='bbox 453 1973 640 2049; x_wconf 89' lang='lat' dir='ltr'>omnipotens,</span> <span class='ocrx_word' id='word_1_136' title='bbox 653 1973 726 2030; x_wconf 89' lang='lat' dir='ltr'>mihi</span> <span class='ocrx_word' id='word_1_137' title='bbox 740 1973 866 2031; x_wconf 88' lang='lat' dir='ltr'>Phoebus</span> <span class='ocrx_word' id='word_1_138' title='bbox 880 1974 983 2050; x_wconf 90' lang='lat' dir='ltr'>Apollo</span> 
     </span>
     <span class='ocr_line' id='line_1_23' title="bbox 151 2052 866 2129; baseline 0.003 -21"><span class='ocrx_word' id='word_1_139' title='bbox 151 2052 289 2110; x_wconf 87' lang='lat' dir='ltr'>Praedixit</span> <span class='ocrx_word' id='word_1_140' title='bbox 302 2053 382 2112; x_wconf 88' lang='lat' dir='ltr'>vobis</span> <span class='ocrx_word' id='word_1_141' title='bbox 397 2053 548 2110; x_wconf 86' lang='lat' dir='ltr'>Furiarum</span> <span class='ocrx_word' id='word_1_142' title='bbox 562 2072 614 2129; x_wconf 88' lang='lat' dir='ltr'>ego</span> <span class='ocrx_word' id='word_1_143' title='bbox 628 2052 751 2110; x_wconf 89' lang='lat' dir='ltr'>maxima</span> <span class='ocrx_word' id='word_1_144' title='bbox 763 2054 866 2129; x_wconf 90' lang='lat' dir='ltr'>pando.</span> 
     </span>
     <span class='ocr_line' id='line_1_24' title="bbox 151 2131 783 2209; baseline 0.002 -21"><span class='ocrx_word' id='word_1_145' title='bbox 151 2131 267 2189; x_wconf 85' lang='lat' dir='ltr'>Italiam</span> <span class='ocrx_word' id='word_1_146' title='bbox 281 2153 364 2189; x_wconf 89' lang='lat' dir='ltr'>cursu</span> <span class='ocrx_word' id='word_1_147' title='bbox 377 2132 493 2209; x_wconf 74' lang='lat' dir='ltr'>petitis,</span> <span class='ocrx_word' id='word_1_148' title='bbox 512 2132 661 2209; x_wconf 87' lang='lat' dir='ltr'>ventisque</span> <span class='ocrx_word' id='word_1_149' title='bbox 675 2131 783 2189; x_wconf 90' lang='lat' dir='ltr'>vocatis</span> 
     </span>
     <span class='ocr_line' id='line_1_25' title="bbox 152 2210 783 2288; baseline 0.002 -20"><span class='ocrx_word' id='word_1_150' title='bbox 152 2210 238 2269; x_wconf 90' lang='lat' dir='ltr'>Ibitis</span> <span class='ocrx_word' id='word_1_151' title='bbox 252 2211 376 2283; x_wconf 87' lang='lat' dir='ltr'>Italiam,</span> <span class='ocrx_word' id='word_1_152' title='bbox 390 2216 545 2288; x_wconf 86' lang='lat' dir='ltr'>portusque</span> <span class='ocrx_word' id='word_1_153' title='bbox 558 2212 664 2269; x_wconf 89' lang='lat' dir='ltr'>intrare</span> <span class='ocrx_word' id='word_1_154' title='bbox 677 2211 783 2269; x_wconf 87' lang='lat' dir='ltr'>licebit.</span> 
     </span>
     <span class='ocr_line' id='line_1_26' title="bbox 151 2290 880 2367; baseline 0.001 -19"><span class='ocrx_word' id='word_1_155' title='bbox 151 2291 208 2349; x_wconf 88' lang='lat' dir='ltr'>Sed</span> <span class='ocrx_word' id='word_1_156' title='bbox 220 2311 278 2348; x_wconf 90' lang='lat' dir='ltr'>non</span> <span class='ocrx_word' id='word_1_157' title='bbox 292 2295 358 2349; x_wconf 87' lang='lat' dir='ltr'>ante</span> <span class='ocrx_word' id='word_1_158' title='bbox 372 2291 469 2349; x_wconf 88' lang='lat' dir='ltr'>datam</span> <span class='ocrx_word' id='word_1_159' title='bbox 482 2290 603 2367; x_wconf 85' lang='lat' dir='ltr'>cingetis</span> <span class='ocrx_word' id='word_1_160' title='bbox 617 2291 758 2349; x_wconf 88' lang='lat' dir='ltr'>moenibus</span> <span class='ocrx_word' id='word_1_161' title='bbox 771 2292 880 2362; x_wconf 90' lang='lat' dir='ltr'>urbem,</span> 
     </span>
     <span class='ocr_line' id='line_1_27' title="bbox 78 2370 867 2448; baseline 0.001 -21"><span class='ocrx_word' id='word_1_162' title='bbox 78 2442 81 2447; x_wconf 18' lang='grc' dir='ltr'><em>Δ</em></span> <span class='ocrx_word' id='word_1_163' title='bbox 152 2371 245 2443; x_wconf 81' lang='lat' dir='ltr'>Quam</span> <span class='ocrx_word' id='word_1_164' title='bbox 257 2391 308 2428; x_wconf 90' lang='lat' dir='ltr'>vos</span> <span class='ocrx_word' id='word_1_165' title='bbox 322 2371 383 2428; x_wconf 89' lang='lat' dir='ltr'>dira</span> <span class='ocrx_word' id='word_1_166' title='bbox 395 2371 483 2428; x_wconf 88' lang='lat' dir='ltr'>fames</span> <span class='ocrx_word' id='word_1_167' title='bbox 497 2374 656 2447; x_wconf 79' lang='lat' dir='ltr'>nostraeque</span> <span class='ocrx_word' id='word_1_168' title='bbox 668 2370 772 2448; x_wconf 86' lang='lat' dir='ltr'>injuria</span> <span class='ocrx_word' id='word_1_169' title='bbox 784 2371 867 2429; x_wconf 86' lang='lat' dir='ltr'>caedis</span> 
     </span>
     <span class='ocr_line' id='line_1_28' title="bbox 67 2450 813 2528; baseline 0.001 -22"><span class='ocrx_word' id='word_1_170' title='bbox 67 2450 78 2479; x_wconf 65' lang='lat' dir='ltr'><em>s</em></span> <span class='ocrx_word' id='word_1_171' title='bbox 151 2450 289 2507; x_wconf 85' lang='lat' dir='ltr'>Ambesas</span> <span class='ocrx_word' id='word_1_172' title='bbox 303 2450 418 2528; x_wconf 88' lang='lat' dir='ltr'>subigat</span> <span class='ocrx_word' id='word_1_173' title='bbox 430 2451 512 2508; x_wconf 90' lang='lat' dir='ltr'>malis</span> <span class='ocrx_word' id='word_1_174' title='bbox 525 2451 671 2508; x_wconf 86' lang='lat' dir='ltr'>absumere</span> <span class='ocrx_word' id='word_1_175' title='bbox 684 2451 813 2508; x_wconf 82' lang='lat' dir='ltr'>mensas’</span> 
     </span>
    </p>

    <p class='ocr_par' dir='ltr' id='par_1_3' title="bbox 76 2529 954 4048">
     <span class='ocr_line' id='line_1_29' title="bbox 192 2529 875 2608; baseline 0.003 -22"><span class='ocrx_word' id='word_1_176' title='bbox 192 2533 208 2560; x_wconf 91' lang='lat'><strong>“</strong></span> <span class='ocrx_word' id='word_1_177' title='bbox 217 2529 317 2601; x_wconf 83' lang='lat' dir='ltr'>Dixit3</span> <span class='ocrx_word' id='word_1_178' title='bbox 338 2532 367 2588; x_wconf 91' lang='lat' dir='ltr'>et</span> <span class='ocrx_word' id='word_1_179' title='bbox 380 2530 411 2587; x_wconf 93' lang='lat' dir='ltr'>in</span> <span class='ocrx_word' id='word_1_180' title='bbox 425 2530 525 2588; x_wconf 87' lang='lat' dir='ltr'>silvam</span> <span class='ocrx_word' id='word_1_181' title='bbox 538 2529 638 2606; x_wconf 91' lang='lat' dir='ltr'>pennis</span> <span class='ocrx_word' id='word_1_182' title='bbox 653 2530 748 2588; x_wconf 86' lang='lat' dir='ltr'>ablata</span> <span class='ocrx_word' id='word_1_183' title='bbox 760 2530 875 2608; x_wconf 84' lang='lat' dir='ltr'>refugit.</span> 
     </span>
     <span class='ocr_line' id='line_1_30' title="bbox 150 2609 813 2687; baseline -0.002 -20"><span class='ocrx_word' id='word_1_184' title='bbox 150 2609 194 2667; x_wconf 87' lang='lat' dir='ltr'>At</span> <span class='ocrx_word' id='word_1_185' title='bbox 208 2609 289 2667; x_wconf 91' lang='lat' dir='ltr'>sociis</span> <span class='ocrx_word' id='word_1_186' title='bbox 304 2610 399 2668; x_wconf 84' lang='lat' dir='ltr'>subita</span> <span class='ocrx_word' id='word_1_187' title='bbox 411 2610 521 2687; x_wconf 90' lang='lat' dir='ltr'>gelidus</span> <span class='ocrx_word' id='word_1_188' title='bbox 535 2609 684 2667; x_wconf 89' lang='lat' dir='ltr'>formidine</span> <span class='ocrx_word' id='word_1_189' title='bbox 698 2610 813 2687; x_wconf 87' lang='lat' dir='ltr'>sanguis</span> 
     </span>
     <span class='ocr_line' id='line_1_31' title="bbox 152 2688 951 2766; baseline 0 -20"><span class='ocrx_word' id='word_1_190' title='bbox 152 2688 305 2766; x_wconf 91' lang='lat' dir='ltr'>Deriguit;</span> <span class='ocrx_word' id='word_1_191' title='bbox 326 2689 448 2748; x_wconf 86' lang='lat' dir='ltr'>cecidere</span> <span class='ocrx_word' id='word_1_192' title='bbox 462 2689 564 2747; x_wconf 90' lang='lat' dir='ltr'>animi:</span> <span class='ocrx_word' id='word_1_193' title='bbox 586 2709 637 2746; x_wconf 93' lang='lat' dir='ltr'>nec</span> <span class='ocrx_word' id='word_1_194' title='bbox 646 2688 709 2766; x_wconf 86' lang='lat' dir='ltr'>jam</span> <span class='ocrx_word' id='word_1_195' title='bbox 722 2689 843 2765; x_wconf 85' lang='lat' dir='ltr'>amplius</span> <span class='ocrx_word' id='word_1_196' title='bbox 857 2689 951 2761; x_wconf 88' lang='lat' dir='ltr'>armis,</span> 
     </span>
     <span class='ocr_line' id='line_1_32' title="bbox 152 2768 887 2846; baseline 0 -20"><span class='ocrx_word' id='word_1_197' title='bbox 152 2768 208 2827; x_wconf 88' lang='lat' dir='ltr'>Sed</span> <span class='ocrx_word' id='word_1_198' title='bbox 221 2769 296 2827; x_wconf 86' lang='lat' dir='ltr'>votis</span> <span class='ocrx_word' id='word_1_199' title='bbox 309 2769 493 2846; x_wconf 89' lang='lat' dir='ltr'>precibusque</span> <span class='ocrx_word' id='word_1_200' title='bbox 502 2770 606 2846; x_wconf 89' lang='lat' dir='ltr'>jubent</span> <span class='ocrx_word' id='word_1_201' title='bbox 620 2788 767 2846; x_wconf 84' lang='lat' dir='ltr'>exposcere</span> <span class='ocrx_word' id='word_1_202' title='bbox 781 2789 887 2846; x_wconf 90' lang='lat' dir='ltr'>pacem,</span> 
     </span>
     <span class='ocr_line' id='line_1_33' title="bbox 153 2848 860 2925; baseline -0.003 -18"><span class='ocrx_word' id='word_1_203' title='bbox 153 2848 218 2907; x_wconf 89' lang='lat' dir='ltr'>Sive</span> <span class='ocrx_word' id='word_1_204' title='bbox 232 2848 299 2921; x_wconf 87' lang='lat' dir='ltr'>deae,</span> <span class='ocrx_word' id='word_1_205' title='bbox 313 2869 362 2906; x_wconf 90' lang='lat' dir='ltr'>seu</span> <span class='ocrx_word' id='word_1_206' title='bbox 376 2849 435 2906; x_wconf 91' lang='lat' dir='ltr'>sint</span> <span class='ocrx_word' id='word_1_207' title='bbox 449 2849 516 2906; x_wconf 83' lang='lat' dir='ltr'>dirae</span> <span class='ocrx_word' id='word_1_208' title='bbox 530 2849 711 2925; x_wconf 75' lang='lat' dir='ltr'>obscenaque</span> <span class='ocrx_word' id='word_1_209' title='bbox 724 2849 860 2907; x_wconf 87' lang='lat' dir='ltr'>volucres.</span> 
     </span>
     <span class='ocr_line' id='line_1_34' title="bbox 152 2927 805 3005; baseline -0.002 -20"><span class='ocrx_word' id='word_1_210' title='bbox 152 2928 195 2986; x_wconf 84' lang='lat' dir='ltr'>Et</span> <span class='ocrx_word' id='word_1_211' title='bbox 208 2932 289 3004; x_wconf 86' lang='lat' dir='ltr'>pater</span> <span class='ocrx_word' id='word_1_212' title='bbox 303 2928 442 2987; x_wconf 81' lang='lat' dir='ltr'>Anchises</span> <span class='ocrx_word' id='word_1_213' title='bbox 456 2929 545 3004; x_wconf 88' lang='lat' dir='ltr'>passis</span> <span class='ocrx_word' id='word_1_214' title='bbox 559 2929 593 2985; x_wconf 95' lang='lat' dir='ltr'>de</span> <span class='ocrx_word' id='word_1_215' title='bbox 605 2927 689 2987; x_wconf 89' lang='lat' dir='ltr'>litore</span> <span class='ocrx_word' id='word_1_216' title='bbox 702 2928 805 3005; x_wconf 87' lang='lat' dir='ltr'>palmis</span> 
     </span>
     <span class='ocr_line' id='line_1_35' title="bbox 151 3007 954 3085; baseline 0 -19"><span class='ocrx_word' id='word_1_217' title='bbox 151 3008 282 3066; x_wconf 83' lang='lat' dir='ltr'>Numina</span> <span class='ocrx_word' id='word_1_218' title='bbox 293 3028 399 3085; x_wconf 86' lang='lat' dir='ltr'>magna</span> <span class='ocrx_word' id='word_1_219' title='bbox 411 3012 503 3080; x_wconf 87' lang='lat' dir='ltr'>vocat,</span> <span class='ocrx_word' id='word_1_220' title='bbox 517 3007 689 3083; x_wconf 89' lang='lat' dir='ltr'>meritosque</span> <span class='ocrx_word' id='word_1_221' title='bbox 702 3007 804 3066; x_wconf 86' lang='lat' dir='ltr'>indicit</span> <span class='ocrx_word' id='word_1_222' title='bbox 817 3007 954 3066; x_wconf 88' lang='lat' dir='ltr'>honores:</span> 
     </span>
     <span class='ocr_line' id='line_1_36' title="bbox 152 3087 911 3165; baseline 0 -21"><span class='ocrx_word' id='word_1_223' title='bbox 152 3087 217 3159; x_wconf 89' lang='lat' dir='ltr'>‘Di,</span> <span class='ocrx_word' id='word_1_224' title='bbox 231 3088 379 3165; x_wconf 86' lang='lat' dir='ltr'>prohibete</span> <span class='ocrx_word' id='word_1_225' title='bbox 392 3088 498 3145; x_wconf 82' lang='lat' dir='ltr'>minas!</span> <span class='ocrx_word' id='word_1_226' title='bbox 520 3087 558 3159; x_wconf 91' lang='lat' dir='ltr'>di,</span> <span class='ocrx_word' id='word_1_227' title='bbox 571 3087 659 3145; x_wconf 84' lang='lat' dir='ltr'>talem</span> <span class='ocrx_word' id='word_1_228' title='bbox 672 3087 792 3146; x_wconf 88' lang='lat' dir='ltr'>avertite</span> <span class='ocrx_word' id='word_1_229' title='bbox 806 3107 911 3160; x_wconf 91' lang='lat' dir='ltr'>casum,</span> 
     </span>
     <span class='ocr_line' id='line_1_37' title="bbox 151 3166 858 3244; baseline 0 -20"><span class='ocrx_word' id='word_1_230' title='bbox 151 3167 194 3225; x_wconf 78' lang='lat' dir='ltr'>Ea</span> <span class='ocrx_word' id='word_1_231' title='bbox 206 3166 310 3244; x_wconf 88' lang='lat' dir='ltr'>placidi</span> <span class='ocrx_word' id='word_1_232' title='bbox 323 3171 433 3226; x_wconf 79' lang='lat' dir='ltr'>servate</span> <span class='ocrx_word' id='word_1_233' title='bbox 445 3167 507 3244; x_wconf 88' lang='lat' dir='ltr'>pios</span> <span class='ocrx_word' id='word_1_234' title='bbox 516 3167 533 3225; x_wconf 87' lang='lat'>!&#39;</span> <span class='ocrx_word' id='word_1_235' title='bbox 575 3167 651 3224; x_wconf 79' lang='lat' dir='ltr'>Tum</span> <span class='ocrx_word' id='word_1_236' title='bbox 663 3167 747 3225; x_wconf 91' lang='lat' dir='ltr'>litore</span> <span class='ocrx_word' id='word_1_237' title='bbox 760 3167 858 3224; x_wconf 89' lang='lat' dir='ltr'>funem</span> 
     </span>
     <span class='ocr_line' id='line_1_38' title="bbox 152 3246 849 3324; baseline 0 -20"><span class='ocrx_word' id='word_1_238' title='bbox 152 3246 296 3324; x_wconf 89' lang='lat' dir='ltr'>Deripere,</span> <span class='ocrx_word' id='word_1_239' title='bbox 310 3267 494 3322; x_wconf 87' lang='lat' dir='ltr'>excussosque</span> <span class='ocrx_word' id='word_1_240' title='bbox 503 3246 586 3322; x_wconf 82' lang='lat' dir='ltr'>jubet</span> <span class='ocrx_word' id='word_1_241' title='bbox 600 3246 693 3304; x_wconf 83' lang='lat' dir='ltr'>laxare</span> <span class='ocrx_word' id='word_1_242' title='bbox 706 3247 849 3305; x_wconf 83' lang='lat' dir='ltr'>rudentes.</span> 
     </span>
     <span class='ocr_line' id='line_1_39' title="bbox 153 3325 911 3404; baseline -0.001 -20"><span class='ocrx_word' id='word_1_243' title='bbox 153 3326 288 3384; x_wconf 82' lang='lat' dir='ltr'>Tendunt</span> <span class='ocrx_word' id='word_1_244' title='bbox 301 3326 364 3384; x_wconf 81' lang='lat' dir='ltr'>vela</span> <span class='ocrx_word' id='word_1_245' title='bbox 376 3327 455 3386; x_wconf 89' lang='lat' dir='ltr'>noti:</span> <span class='ocrx_word' id='word_1_246' title='bbox 476 3327 593 3385; x_wconf 85' lang='lat' dir='ltr'>ferimur</span> <span class='ocrx_word' id='word_1_247' title='bbox 607 3326 805 3404; x_wconf 78' lang='lat' dir='ltr'>spumantibus</span> <span class='ocrx_word' id='word_1_248' title='bbox 819 3325 911 3397; x_wconf 88' lang='lat' dir='ltr'>undis,</span> 
     </span>
     <span class='ocr_line' id='line_1_40' title="bbox 152 3406 921 3483; baseline -0.001 -19"><span class='ocrx_word' id='word_1_249' title='bbox 152 3407 216 3479; x_wconf 80' lang='lat' dir='ltr'>Qua</span> <span class='ocrx_word' id='word_1_250' title='bbox 229 3426 345 3464; x_wconf 90' lang='lat' dir='ltr'>cursum</span> <span class='ocrx_word' id='word_1_251' title='bbox 357 3410 517 3483; x_wconf 88' lang='lat' dir='ltr'>ventusque</span> <span class='ocrx_word' id='word_1_252' title='bbox 530 3406 758 3483; x_wconf 84' lang='lat' dir='ltr'>gubernatorque</span> <span class='ocrx_word' id='word_1_253' title='bbox 771 3406 921 3463; x_wconf 84' lang='lat' dir='ltr'>vocabant.</span> 
     </span>
     <span class='ocr_line' id='line_1_41' title="bbox 153 3485 907 3563; baseline 0.001 -20"><span class='ocrx_word' id='word_1_254' title='bbox 153 3486 174 3543; x_wconf 89' lang='lat' dir='ltr'><strong>J</strong></span> <span class='ocrx_word' id='word_1_255' title='bbox 175 3505 223 3543; x_wconf 89' lang='lat' dir='ltr'>am</span> <span class='ocrx_word' id='word_1_256' title='bbox 235 3485 328 3544; x_wconf 91' lang='lat' dir='ltr'>medio</span> <span class='ocrx_word' id='word_1_257' title='bbox 342 3489 458 3563; x_wconf 85' lang='lat' dir='ltr'>apparet</span> <span class='ocrx_word' id='word_1_258' title='bbox 471 3487 562 3544; x_wconf 87' lang='lat' dir='ltr'>fluctu</span> <span class='ocrx_word' id='word_1_259' title='bbox 575 3505 722 3544; x_wconf 88' lang='lat' dir='ltr'>nemorosa</span> <span class='ocrx_word' id='word_1_260' title='bbox 736 3485 907 3563; x_wconf 84' lang='lat' dir='ltr'>Zacynthos,</span> 
     </span>
     <span class='ocr_line' id='line_1_42' title="bbox 76 3565 917 3642; baseline 0 -19"><span class='ocrx_word' id='word_1_261' title='bbox 76 3569 83 3585; x_wconf 88' lang='lat'><strong><em>‘</em></strong></span> <span class='ocrx_word' id='word_1_262' title='bbox 152 3565 383 3640; x_wconf 86' lang='lat' dir='ltr'>Dulichiumque,</span> <span class='ocrx_word' id='word_1_263' title='bbox 398 3565 544 3642; x_wconf 86' lang='lat' dir='ltr'>Sameque,</span> <span class='ocrx_word' id='word_1_264' title='bbox 557 3569 588 3624; x_wconf 87' lang='lat' dir='ltr'>et</span> <span class='ocrx_word' id='word_1_265' title='bbox 601 3565 719 3624; x_wconf 87' lang='lat' dir='ltr'>Neritos</span> <span class='ocrx_word' id='word_1_266' title='bbox 734 3565 821 3623; x_wconf 89' lang='lat' dir='ltr'>ardua</span> <span class='ocrx_word' id='word_1_267' title='bbox 834 3565 917 3623; x_wconf 89' lang='lat' dir='ltr'>saxis.</span> 
     </span>
     <span class='ocr_line' id='line_1_43' title="bbox 152 3644 828 3721; baseline -0.001 -18"><span class='ocrx_word' id='word_1_268' title='bbox 152 3644 316 3721; x_wconf 82' lang='lat' dir='ltr'>Effugimus</span> <span class='ocrx_word' id='word_1_269' title='bbox 329 3645 458 3721; x_wconf 89' lang='lat' dir='ltr'>scopulos</span> <span class='ocrx_word' id='word_1_270' title='bbox 471 3645 589 3716; x_wconf 81' lang='lat' dir='ltr'>Ithacae,</span> <span class='ocrx_word' id='word_1_271' title='bbox 603 3644 719 3703; x_wconf 73' lang='lat' dir='ltr'>Laertia</span> <span class='ocrx_word' id='word_1_272' title='bbox 731 3664 828 3721; x_wconf 85' lang='lat' dir='ltr'>regna,</span> 
     </span>
     <span class='ocr_line' id='line_1_44' title="bbox 152 3723 828 3783; baseline -0.003 0"><span class='ocrx_word' id='word_1_273' title='bbox 152 3724 195 3783; x_wconf 82' lang='lat' dir='ltr'>Et</span> <span class='ocrx_word' id='word_1_274' title='bbox 208 3727 315 3783; x_wconf 85' lang='lat' dir='ltr'>terram</span> <span class='ocrx_word' id='word_1_275' title='bbox 328 3723 456 3783; x_wconf 87' lang='lat' dir='ltr'>altricem</span> <span class='ocrx_word' id='word_1_276' title='bbox 469 3724 536 3782; x_wconf 83' lang='lat' dir='ltr'>saevi</span> <span class='ocrx_word' id='word_1_277' title='bbox 549 3745 726 3783; x_wconf 85' lang='lat' dir='ltr'>exsecramur</span> <span class='ocrx_word' id='word_1_278' title='bbox 739 3724 828 3781; x_wconf 86' lang='lat' dir='ltr'>Ulixi.</span> 
     </span>
     <span class='ocr_line' id='line_1_45' title="bbox 152 3803 844 3876; baseline -0.006 -12"><span class='ocrx_word' id='word_1_279' title='bbox 152 3805 225 3864; x_wconf 89' lang='lat' dir='ltr'>Mox</span> <span class='ocrx_word' id='word_1_280' title='bbox 238 3806 268 3862; x_wconf 88' lang='lat' dir='ltr'>et</span> <span class='ocrx_word' id='word_1_281' title='bbox 281 3803 415 3862; x_wconf 83' lang='lat' dir='ltr'>Leucatas</span> <span class='ocrx_word' id='word_1_282' title='bbox 426 3804 557 3863; x_wconf 86' lang='lat' dir='ltr'>nimbosa</span> <span class='ocrx_word' id='word_1_283' title='bbox 569 3804 715 3863; x_wconf 82' lang='lat' dir='ltr'>cacumina</span> <span class='ocrx_word' id='word_1_284' title='bbox 727 3803 844 3876; x_wconf 84' lang='lat' dir='ltr'>montis,</span> 
     </span>
     <span class='ocr_line' id='line_1_46' title="bbox 147 3883 751 3962; baseline -0.003 -19"><span class='ocrx_word' id='word_1_285' title='bbox 147 3885 193 3943; x_wconf 78' lang='lat' dir='ltr'>Et</span> <span class='ocrx_word' id='word_1_286' title='bbox 203 3883 377 3945; x_wconf 79' lang='lat' dir='ltr'>formidatus</span> <span class='ocrx_word' id='word_1_287' title='bbox 390 3884 486 3944; x_wconf 66' lang='lat' dir='ltr'>nauus</span> <span class='ocrx_word' id='word_1_288' title='bbox 500 3884 625 3962; x_wconf 84' lang='lat' dir='ltr'>aperitur</span> <span class='ocrx_word' id='word_1_289' title='bbox 637 3883 751 3961; x_wconf 90' lang='lat' dir='ltr'>Apollo.</span> 
     </span>
     <span class='ocr_line' id='line_1_47' title="bbox 136 3961 907 4048; baseline -0.01 -21"><span class='ocrx_word' id='word_1_290' title='bbox 136 3964 176 4023; x_wconf 87' lang='grc' dir='ltr'><em>Η</em></span> <span class='ocrx_word' id='word_1_291' title='bbox 175 3986 234 4027; x_wconf 88' lang='lat' dir='ltr'>unc</span> <span class='ocrx_word' id='word_1_292' title='bbox 243 3964 380 4048; x_wconf 81' lang='lat' dir='ltr'>petimus</span> <span class='ocrx_word' id='word_1_293' title='bbox 393 3965 472 4044; x_wconf 87' lang='lat' dir='ltr'>fessi,</span> <span class='ocrx_word' id='word_1_294' title='bbox 485 3968 517 4028; x_wconf 89' lang='lat' dir='ltr'>et</span> <span class='ocrx_word' id='word_1_295' title='bbox 529 3985 625 4047; x_wconf 76' lang='lat' dir='ltr'>paruae</span> <span class='ocrx_word' id='word_1_296' title='bbox 637 3961 907 4024; x_wconf 65' lang='lat' dir='ltr'>succedimusurhi·¹</span> 
     </span>
    </p>
   </div>
   <div class='ocr_carea' id='block_1_3' title="bbox 0 0 1262 4298">
    <p class='ocr_par' dir='ltr' id='par_1_4' title="bbox 0 0 1262 4298">
     <span class='ocr_line' id='line_1_48' title="bbox 0 0 1262 4298; baseline 0 0"><span class='ocrx_word' id='word_1_297' title='bbox 0 0 1262 4298; x_wconf 95' lang='lat' dir='ltr'> </span> 
     </span>
    </p>
   </div>
  </div>
 </body>
</html>
