2506 4298
421 213 563 256 manos
576 214 640 255 IaIB.
654 214 691 256 11.

116 357 163 413 Et
177 355 260 414 salsae
274 355 379 433 fruges,
393 357 423 415 et
437 355 543 416 circum
555 359 685 434 tempora
696 358 790 417 vitta.

115 435 232 514 Eripui‚
245 436 345 507 fateor,
358 436 417 494 leto
429 456 485 509 me,
499 439 529 495 et
542 437 656 495 vincula
668 438 749 515 rupi;

116 514 292 593 Limosoque
305 516 369 574 lacu
381 535 431 593 per
443 520 559 574 noctem
573 517 707 575 obscurus
720 517 752 575 in
765 517 832 576 ulva

116 595 234 653 Delitui
246 597 316 653 dum
328 595 391 654 vela
404 595 514 667 darent,
528 596 552 654 si
564 596 638 655 forte
652 597 804 655 dedissent.

116 675 185 733 Nec
198 675 271 733 mihi
278 675 341 753 jam
354 675 477 752 patriam
490 675 638 753 antiquam
651 696 714 753 spes
727 677 786 734 ulla
798 676 920 749 videndi,

116 755 152 812 N
152 774 185 813 ec
198 754 293 813 dulces
305 757 390 813 natos
403 758 626 833 exoptatumque
639 759 802 833 parentem3

118 835 199 906 Quos
211 834 254 892 illi
266 835 324 894 sors
337 835 374 892 ad
386 854 484 912 poenas
498 835 534 894 ob
548 838 650 893 nostra
659 838 807 912 reposcent

116 907 246 991 Effugit,
260 918 290 972 et
304 913 417 991 culpam
429 914 503 973 hanc
515 914 683 973 miserorum
697 918 789 974 morte
802 915 930 993 piabunt.

118 993 205 1065 Quod
217 996 248 1052 te
260 1013 311 1072 per
324 1013 439 1071 superos
453 997 484 1052 et
496 995 608 1053 conscia
620 995 737 1053 numina
751 995 818 1066 veri,

118 1073 187 1145 Per,
201 1073 226 1131 si
239 1093 295 1150 qua
308 1077 360 1145 est,
374 1093 437 1151 quae
449 1077 539 1132 restet
553 1074 644 1133 adhuc
657 1074 825 1134 mortalibus
839 1095 958 1154 usquam

117 1152 299 1211 Intemerata
310 1153 389 1225 fides,
403 1172 461 1225 oro,
474 1153 605 1212 miserere
618 1154 747 1212 laborum

118 1232 297 1305 Tantornm3
317 1232 448 1292 miserere
461 1233 549 1292 animi
562 1253 620 1291 non
633 1234 721 1312 digna
732 1234 868 1292 ferentis?

161 1312 245 1370 “His
257 1312 381 1370 lacrimis
394 1312 485 1370 vitam
498 1313 607 1386 damus,
621 1316 651 1372 et
664 1314 869 1372 miserescimus
882 1314 967 1374 ultro.

120 1391 189 1468 Ipse
202 1391 263 1450 viro
276 1391 385 1469 primus
398 1391 523 1450 manicas
536 1395 622 1470 atque
636 1398 714 1451 arcta
727 1393 813 1452 levari

120 1470 225 1529 Vincla
232 1470 317 1548 jubet
330 1471 470 1544 Priamus,
484 1472 624 1549 dictisque
636 1473 680 1530 ita
691 1473 769 1531 fatur
782 1473 895 1532 amicis:

120 1550 272 1628 ‘Quisquis
286 1571 324 1624 es,
337 1551 454 1609 amissos
467 1551 534 1610 hinc
543 1552 606 1630 jam
619 1552 781 1611 obliviscere
796 1553 912 1612 Graios:

120 1630 231 1689 Noster
244 1630 315 1703 eris3
335 1631 463 1708 mihique
475 1631 535 1689 haec
549 1632 670 1691 edissere
682 1653 750 1691 vera
762 1633 885 1711 roganti.

120 1710 185 1782 Quo
198 1710 303 1768 molem
317 1710 390 1769 banc
403 1711 536 1769 immanis
550 1711 615 1788 equi
628 1710 777 1771 statuere?
791 1713 854 1790 quis
867 1711 990 1772 auctor?

121 1789 233 1861 Quidve
245 1788 375 1867 petunt?
395 1810 457 1866 quae
470 1789 594 1868 religio?
615 1795 666 1849 aut
679 1812 742 1868 quae
755 1792 889 1850 machina
901 1793 968 1852 belli
980 1793 1005 1852 Υ

119 1868 250 1927 Dixerat.
291 1869 346 1928 Ille
359 1869 431 1929 dolis
443 1870 601 1929 instructus
615 1874 645 1930 et
659 1875 720 1929 arte
734 1872 862 1949 Pelasga,

120 1948 246 2006 Sustulit
260 1952 360 2008 exutos
373 1949 474 2008 vinclis
488 1950 524 2007 ad
537 1949 628 2009 sidera
641 1951 767 2028 palmas:

120 2027 199 2086 ‘Vos
212 2028 312 2086 aterni
323 2028 414 2107 ignes,
427 2031 458 2088 et
471 2049 530 2087 non
542 2029 673 2089 violabile
686 2034 814 2089 vestrum

121 2106 225 2166 Testor
237 2109 362 2180 numen,'
379 2109 437 2181 ait3
458 2112 525 2168 ‘vos
538 2129 592 2168 ara
605 2130 740 2187 ensesque
753 2110 875 2182 nefandi,

121 2187 200 2258 Quos
213 2187 285 2264 fugi,
297 2187 435 2266 vittaque
448 2188 542 2261 deum,
555 2210 625 2267 quas
638 2190 733 2248 hostia
745 2191 836 2269 gessi:

121 2265 180 2324 Fas
192 2267 265 2326 mihi
279 2266 431 2327 Graiorum
444 2271 555 2328 sacrata
566 2270 704 2328 resolvere
713 2271 787 2348 jura,
838 2308 854 2319 -·
898 2296 902 2303 ¹

120 2345 179 2403 Fas
192 2347 284 2405 odisse
296 2347 380 2419 viros,
393 2350 480 2425 atque
493 2348 589 2408 omnia
599 2350 672 2409 serre
685 2350 738 2409 sub
751 2370 841 2423 auras,

120 2425 154 2482 Si
166 2446 222 2503 qua
233 2429 355 2505 tegrmt:
376 2430 477 2487 teneor
489 2429 589 2505 patriae
601 2449 654 2488 nec
667 2430 777 2507 legibus
790 2430 865 2488 ullis.

119 2505 168 2563 Tu
179 2506 265 2565 modo
277 2507 423 2584 promissis
435 2527 558 2582 maneas,
571 2512 737 2586 servataque
750 2530 843 2568 serves

120 2584 207 2663 Troja
219 2585 315 2659 fidem,
328 2587 353 2644 si
366 2607 433 2646 vera
445 2587 542 2660 feram,
556 2587 581 2646 si
593 2608 698 2666 magna
710 2590 871 2666 rependam.
889 2606 899 2625 ·“
915 2608 921 2621 ’
936 2610 946 2623 ··
962 2610 1009 2665 „¹15

160 2669 177 2695 “
187 2669 195 2696 ‘
206 2664 307 2724 Omnis
320 2686 383 2744 spes
397 2667 531 2726 Danaum
543 2670 574 2726 et
587 2668 675 2746 coepti
687 2669 791 2728 fiducia
803 2669 870 2729 belli

119 2743 246 2803 Palladis
259 2745 370 2804 auxiliis
383 2766 493 2824 semper
506 2747 598 2806 stetit.
639 2747 750 2826 Impius
764 2769 799 2807 ex
812 2769 868 2826 quo

119 2823 246 2901 Tydides
259 2825 407 2898 sedenim,
420 2825 611 2905 scelerumque
622 2826 755 2887 inventor
768 2829 876 2902 Ulixes,

119 2903 223 2962 Fatale
236 2905 361 2982 aggressi
374 2909 484 2965 sacrato
497 2907 615 2966 avellere
627 2908 736 2985 templo

122 2982 294 3057 Palladium,
308 2984 385 3044 caesis
399 3005 517 3045 summa
531 2986 697 3046 custodibus
711 2987 791 3059 arcis,

119 3061 287 3140 Corripuere
300 3083 409 3124 sacram
421 3065 552 3144 effigiem,
565 3067 751 3145 manibusque
764 3067 888 3126 cruentis

118 3141 271 3220 Virgineas
285 3144 346 3203 arrei
359 3145 430 3204 diva
443 3145 609 3224 contingere
620 3147 710 3205 vittas
720 3172 727 3219 ;

118 3221 168 3279 Ex
180 3222 229 3280 illo
241 3223 328 3283 fluere
341 3244 374 3284 ac
386 3227 463 3284 retro
476 3226 607 3304 sublapsa
619 3227 717 3285 referri

117 3300 192 3439 {pes
205 3302 347 3376 Danaum,
359 3304 457 3364 fracta
470 3305 553 3377 vires,
566 3326 664 3365 aversa
676 3306 736 3365 deae
749 3326 839 3365 mens.

152 3401 184 3440 eo
197 3382 291 3442 dubiis
304 3402 338 3442 ea
349 3383 432 3462 signa
445 3385 524 3444 dedit
537 3385 668 3444 Tritonia
680 3386 825 3445 monstris.

117 3460 178 3519 Vix
190 3461 317 3539 positum
330 3464 430 3523 castris
443 3465 642 3525 simulacrum:
662 3485 753 3525 arsere
767 3486 888 3525 corusca

118 3539 294 3601 Luminibus
306 3542 427 3603 flamma
440 3544 565 3617 arrectis,
579 3545 723 3622 salsusque
735 3566 786 3623 per
799 3550 877 3605 artus

119 3618 213 3679 Sudor
225 3620 279 3694 iit;
297 3624 397 3700 terque
410 3623 471 3701 ipsa
484 3625 553 3698 solo,
565 3625 694 3683 mirabile
707 3625 795 3698 dictu,

117 3699 259 3774 Emicuit,
272 3721 455 3781 parmamque
467 3704 558 3764 ferens
571 3704 740 3783 hastamque
752 3708 932 3766 trementem.

118 3778 277 3859 ExtemPlo
288 3784 429 3841 tentanda
440 3767 515 3862 firgd
523 3783 600 3843 canit
613 3805 725 3862 aequora
738 3784 874 3859 Calchas3

117 3858 183 3919 Nec
194 3880 278 3939 posse
290 3861 433 3940 Argolicis
445 3862 571 3922 exscindi
584 3863 725 3942 Pergama
736 3863 811 3937 telis,

119 3936 226 4000 Omina
236 3940 269 4000 ni
280 3943 413 4022 repetant
425 3943 522 4023 Argis,
534 3963 696 4025 numenque
708 3944 856 4020 reducant,
