2506 4298
454 227 596 270 muamus
610 228 672 270 LIB-
687 229 730 271 Π.

117 370 215 428 Aurea
226 388 398 447 purpuream
412 370 557 429 subnectit
570 370 657 429 fibula
669 375 795 429 vestem:

118 450 182 508 Nec
195 469 254 507 non
268 454 298 508 et
311 449 433 528 Phrygii
447 450 565 508 comites
578 453 608 509 et
621 451 705 508 laetus
719 450 800 509 Iulus

118 529 271 588 Incedunt.
312 528 379 606 Ipse
392 532 459 588 ante
473 529 541 588 alios
554 529 760 607 pulcherrimus
774 551 872 589 omnes

119 609 213 668 Infert
226 629 256 668 se
270 609 379 668 socium
391 609 505 681 Encas,
519 612 605 686 atque
618 610 733 687 agmina
741 608 857 688 jungit:

120 688 217 760 Qualis
230 688 280 746 ubi
292 688 441 747 hibernam
454 688 574 766 Lyciam
587 689 754 767 Xanthique
767 690 876 749 fluenta

119 768 243 839 Deserit,
256 788 289 826 ac
302 768 408 827 Delum
421 771 581 827 maternam
593 769 692 827 invisit
705 769 818 846 Apollo,

119 847 322 926 Instauratque
336 849 444 921 choros,
457 849 597 926 mixtique
609 849 709 907 altaria
722 849 828 908 circum

120 926 274 1005 Cretesque
288 928 474 1005 Dryopesque
486 928 613 986 fremunt
626 928 751 1005 pictique
765 930 941 1008 Agathyrsi:

119 1007 187 1084 Ipse
196 1007 275 1085 jugis
289 1006 399 1085 Cynthi
411 1008 550 1085 graditur,
562 1007 697 1084 mollique
709 1009 846 1067 fluentem

120 1087 234 1146 Fronde
247 1087 353 1164 premit
366 1087 472 1146 crinem
484 1087 603 1165 fingens,
617 1091 702 1165 atque
715 1089 844 1166 implicat
857 1110 942 1163 auro·
1212 1137 1222 1157 ,

120 1166 191 1224 Tela
203 1170 306 1225 sonant
319 1166 453 1225 humeris.
493 1167 583 1226 Haud
595 1167 646 1226 illo
660 1169 772 1244 segnior
784 1169 845 1228 ibat
864 1136 946 1213 md
973 1168 1035 1229 ¹⁶⁶..
1063 1176 1082 1200 ⁴
1096 1152 1133 1224 s*
1143 1156 1243 1254 “Ji“

120 1246 245 1319 AElneas3
264 1248 381 1304 tantum
393 1245 507 1324 egregio
522 1247 606 1306 decus
620 1247 711 1306 enitet
724 1268 780 1306 ore.
947 1214 1031 1269 ω’
1050 1250 1099 1357 U

120 1326 278 1401 Postquam
292 1325 365 1384 altos
378 1330 498 1385 ventum
511 1327 542 1384 in
555 1330 667 1385 montes
681 1330 767 1404 atque
780 1328 859 1386 invia
871 1328 969 1401 lustra,

120 1406 196 1464 Ecce
208 1405 283 1477 ferae,
297 1405 356 1464 saxi
369 1405 487 1484 dejectae
499 1407 614 1479 vertice,
627 1426 719 1484 caprae
746 1392 806 1461 dle
818 1389 844 1458 (a
855 1396 945 1487 lys)

119 1484 277 1543 Decurrere
285 1485 381 1562 jugis3
401 1485 503 1544 eliade
516 1489 597 1563 parte
609 1488 741 1563 patentes

120 1564 336 1622 Transmittunt
349 1585 433 1623 cursu
447 1585 560 1642 campos
574 1569 660 1642 atque
673 1565 788 1643 agmina
800 1567 875 1624 cervi

120 1643 324 1702 Pulverulenta
335 1631 586 1722 firgtglomerant,
599 1648 766 1722 montesque
779 1647 951 1723 relinquunt.

120 1724 164 1780 At
176 1743 247 1800 puer
260 1724 399 1782 Ascanius
412 1724 512 1782 mediis
524 1724 556 1782 in
568 1725 689 1783 vallibus
703 1725 760 1783 aori

121 1803 236 1862 Gaudet
249 1823 337 1879 equo;
353 1803 470 1881 jamque
482 1804 535 1862 hos
549 1824 641 1877 cursu,
651 1804 712 1882 jam
725 1805 853 1880 praeterit
865 1805 937 1878 illos,

120 1883 364 1959 Spumantemque
377 1883 438 1942 dari
450 1903 551 1961 pecora
563 1884 639 1942 inter
651 1884 754 1941 inertia
766 1885 841 1942 votis

121 1963 212 2040 Optat
226 1983 336 2040 aprum,
349 1966 399 2021 aut
412 1964 524 2021 fulvum
537 1964 703 2022 descendere
715 1967 814 2022 monte
826 1965 945 2024 leonem.

160 2042 278 2102 Interea
289 2062 395 2120 magno
408 2043 519 2102 misceri
531 2064 676 2102 murmure
690 2043 794 2102 coelum

120 2122 246 2199 Incipit:
266 2122 426 2198 insequitur
439 2123 593 2182 commixta
606 2123 743 2201 grandine
755 2124 877 2182 nimbus.

120 2202 164 2259 Et
176 2202 256 2280 Tyrii
269 2203 386 2260 comites
399 2203 512 2279 passim,
527 2206 557 2261 ct
570 2203 693 2280 Trojana
700 2203 846 2281 juventus,

120 2281 338 2359 Dardaniusque
350 2302 438 2359 nepos
451 2282 578 2354 Veneris,
592 2283 702 2340 diversa
714 2303 764 2360 per
777 2303 859 2361 agros

122 2361 212 2420 Tecta
224 2364 305 2420 metu
316 2362 439 2439 petiere:
460 2364 549 2420 ruunt
562 2363 597 2420 de
610 2362 756 2421 montibus
770 2383 874 2422 amnes.

121 2440 291 2517 Speluncam
303 2441 380 2499 Dido
394 2442 452 2499 dux
465 2446 495 2500 et
508 2442 647 2520 Trojanus
661 2443 780 2500 eandem
1034 2516 1038 2523 ἱ

121 2520 297 2579 Deveniunt.
337 2521 437 2579 Prima
452 2524 482 2580 et
495 2521 592 2580 Tellus
606 2524 636 2580 et
649 2523 777 2599 pronuba
791 2522 870 2580 Juno
886 2515 996 2601 falle:
1019 2522 1036 2591 ,t
1047 2531 1080 2575 ῆι
1096 2551 1119 2581 a
1128 2522 1232 2591 triam

121 2599 204 2658 Dant
218 2600 348 2678 signum:
369 2601 471 2659 fulsere
484 2601 574 2678 ignes,
588 2604 618 2660 et
631 2599 759 2660 conserus
772 2602 863 2660 aether
951 2604 972 2660 s'
1006 2628 1010 2633 ·
1193 2592 1210 2629 '

123 2678 296 2752 Connubiis3
316 2700 482 2758 summoque
495 2681 642 2740 ululanmt
654 2681 760 2740 vertice
773 2682 805 2739 N
803 2682 927 2759 ymphae.

122 2758 177 2817 Ille
190 2759 250 2818 dies
259 2759 367 2837 primus
380 2760 433 2819 leti
444 2760 607 2838 primusque
620 2762 760 2820 malorum

123 2837 216 2896 Causa
228 2838 294 2896 suit.
332 2839 435 2917 Neque
448 2840 524 2898 enim
538 2841 628 2918 specie
641 2841 751 2899 famave
763 2842 903 2912 movetur,

122 2917 185 2976 Nec
194 2916 257 2996 jam
269 2918 409 2977 firrtivum
421 2919 668 2979 Dido'meditatur
680 2940 822 2978 amorem:

122 2996 296 3076 Oonjugium
307 3002 408 3071 voeat3
427 2999 482 3058 hoo
494 3001 627 3076 praetexit
640 3000 754 3058 nomine
767 3000 887 3076 culpam.

162 3077 316 3156 Extemplo
330 3078 430 3156 Libya
443 3099 561 3157 magnas
574 3080 599 3138 it
613 3080 704 3138 Fama
715 3099 766 3156 per
777 3079 910 3151 urbes,-

122 3155 222 3228 Fama,
235 3157 351 3230 malum,
364 3178 421 3236 quo
434 3178 493 3217 non
506 3159 583 3218 aliud
595 3159 718 3218 velocius
730 3159 838 3216 ullum:

123 3235 290 3296 Mobilitate
301 3237 391 3315 viget,
403 3238 532 3317 viresque
545 3239 666 3317 acquirit
679 3239 788 3311 eund03

123 3314 218 3374 Parva
229 3318 311 3375 metu
322 3317 432 3394 prim03
452 3338 519 3377 mox
532 3337 592 3378 sese
605 3318 714 3377 attollit
727 3319 758 3376 in
771 3337 862 3388 auras,

123 3395 345 3475 Ingrediturque
358 3397 426 3469 solo,
440 3401 571 3483 etacaput
582 3398 660 3457 inter
672 3398 770 3457 nubila
782 3397 888 3457 condit.

123 3474 210 3533 Illam
222 3475 311 3534 Terra
322 3496 432 3554 parens,
445 3477 489 3536 ira
499 3477 613 3536 irritata
625 3479 751 3550 deorum,

123 3555 301 3629 Extremam,
314 3558 350 3613 ut
361 3557 521 3633 perhibent,
536 3556 604 3617 Coeo
617 3557 817 3635 Enceladoque
830 3575 955 3616 sororem

122 3633 291 3713 Progenuit,
303 3635 422 3712 pedibus
436 3637 554 3696 celerem
567 3640 597 3696 et
610 3637 770 3716 pernicibus
783 3637 851 3709 alis3

122 3714 291 3773 Monstrum
298 3715 480 3789 horrendum,
489 3716 600 3796 ingens,
609 3717 656 3776 oui
665 3719 736 3794 quot
749 3720 818 3778 sunt
827 3735 942 3794 corpore
954 3716 1068 3794 plumae,

122 3793 182 3854 Tot
193 3793 295 3872 vigiles
306 3794 382 3854 oculi
394 3796 501 3869 subter,
513 3794 642 3856 mirabile
654 3796 743 3869 dictu
1001 3818 1004 3823 ·

121 3871 181 3934 Tot
192 3873 309 3952 lingue,
321 3874 445 3934 totidem
457 3895 508 3935 ora
519 3878 631 3949 sonant,
643 3879 691 3935 tot
704 3874 827 3953 subrigit
839 3894 928 3936 aures.
958 3892 962 3903 ·

121 3952 220 4015 Nocte
231 3953 310 4014 volat
323 3954 386 4015 coeli
397 3954 493 4017 medio
505 3957 646 4041 terremus
658 3977 709 4042 per
721 3955 860 4022 umbram
