2506 4298
177 210 237 268 130
482 226 509 266 r.
523 224 664 268 naemu
683 224 825 268 uanorns

177 365 289 425 Moenia
302 366 515 426 Dardanidum!
535 370 636 445 quater
648 366 711 445 ipso
722 367 754 425 in
766 367 864 426 limine
876 371 969 447 portae

178 445 325 518 Substitit,
339 449 424 524 atque
437 451 519 506 utero
532 447 660 505 sonitum
672 450 772 525 quater
785 467 863 506 arma
876 448 984 508 dedere.

177 525 325 584 Instemus
338 528 436 584 tamen
448 527 627 586 immemores
640 527 763 604 cecique
776 527 879 601 furore,

178 606 221 663 Et
234 608 396 664 monstrum
408 606 506 664 infelix
519 609 629 665 sacrata
641 606 768 665 sistimus
781 626 853 665 arce.

178 685 260 743 Tunc
273 685 361 743 etiam
373 685 442 743 fatis
457 686 547 762 aperit
561 685 719 744 Cassandra
730 685 835 744 futuris

179 764 244 836 Ora,
259 763 304 822 dei
312 765 395 842 jussu
407 785 466 823 non
478 785 604 842 unquam
617 765 724 824 credita
736 765 861 824 Teucris.

178 844 242 902 Nos
256 843 372 902 delubra
384 844 468 902 deum
481 844 585 917 miseri,
599 845 700 922 quibus
713 844 832 903 ultimus
846 847 921 904 esset

179 923 234 982 Ille
248 922 316 995 dies,
329 919 409 982 festa*
415 923 542 982 velamus
554 924 653 983 fronde
666 944 719 1002 per
728 925 838 983 urbem.

179 1003 311 1061 Vertitur
324 1003 556 1093 interea'coelunq
571 1007 601 1062 et
613 1004 673 1062 ruit
687 1023 790 1062 oceano
803 1024 869 1077 nox,

180 1082 335 1140 Involvens
348 1083 449 1140 umbra
462 1102 566 1160 magna
578 1087 741 1160 terramque
753 1084 915 1160 polumque,

180 1161 454 1240 Myrmidonumque
467 1162 563 1235 dolos,
582 1163 639 1220 fusi
651 1182 701 1240 per
714 1162 819 1221 moenia
832 1163 936 1222 Teucri

181 1241 365 1314 Conticuere3
386 1262 469 1319 sopor
481 1243 568 1301 fessos
582 1241 781 1320 complectitur
793 1245 881 1301 artus.

220 1325 237 1352 “
246 1321 288 1379 Et
296 1321 358 1399 jam
371 1321 481 1399 Argiva
492 1322 617 1399 phalanx
629 1321 777 1380 instructis
790 1322 910 1381 navibus
923 1322 985 1381 ibat

178 1401 207 1458 A
220 1400 344 1472 Tenedo,
357 1400 453 1459 tacitae
465 1422 516 1479 per
529 1402 621 1460 amica
633 1401 747 1460 silentia
760 1402 835 1460 lune

181 1479 282 1538 Litora
294 1484 364 1539 nota
376 1483 493 1557 petens3
512 1481 641 1539 flammas
654 1501 743 1558 quum
755 1481 834 1559 regia
845 1481 949 1559 puppis
964 1488 977 1521 ··’-
987 1488 1064 1559 ‘'¹st
1090 1482 1138 1569 '‘3“2'
1147 1476 1183 1517 sti

182 1559 344 1632 Extnlerat,
357 1560 479 1638 fatisque
492 1561 578 1619 deum
591 1561 721 1619 defensus
734 1557 848 1638 iniquis,
914 1584 962 1610 ω
972 1576 1018 1605 “e
1045 1577 1063 1600 ·⁴
1134 1570 1150 1594 ⁴
1171 1578 1180 1609 ³

180 1638 311 1698 Inclusos
324 1642 406 1715 utero
419 1640 535 1699 Danaos
548 1644 578 1698 et
591 1640 674 1717 pinea
686 1641 788 1698 furtim
964 1648 1014 1703 lm.
1025 1674 1035 1683 „.

181 1718 274 1777 Laxat
288 1720 410 1778 claustra
423 1720 520 1778 Sinon.
560 1719 631 1778 Illos
644 1720 802 1798 patefactus
816 1719 853 1777 ad
866 1739 947 1778 auras

182 1798 291 1857 Reddit
305 1820 409 1876 equus;
428 1800 542 1878 laetique
556 1820 624 1858 cavo
639 1819 668 1858 se
681 1800 781 1858 robore
793 1803 930 1876 promunt
1032 1826 1033 1830 ¹

181 1878 377 1937 Thessandrus
391 1879 597 1957 Sthenelusque
610 1879 703 1951 duces,
717 1882 747 1938 et
761 1879 839 1937 dirus
852 1879 960 1950 Ulixes,

182 1957 348 2016 Demissum
360 1959 431 2036 lapsi
443 1979 494 2036 per
506 1960 612 2031 funem,
625 1960 810 2037 Acamasque,
824 1959 983 2037 Thoasque,

183 2037 350 2115 Pelidesque
362 2039 578 2116 Neoptolemus,
591 2039 755 2116 primusque
768 2038 921 2111 Machaon,

184 2117 226 2175 Et
240 2117 397 2189 Menelaus,
411 2119 513 2195 etipse
527 2118 585 2178 doli
597 2118 749 2177 fabricator
762 2118 867 2196 Epeos.

184 2196 331 2256 Invadunt
344 2198 444 2256 urbem
457 2218 557 2256 somno
569 2197 691 2276 vinoque
703 2197 862 2290 sepultam3

185 2275 343 2334 Caeduntur
355 2277 464 2354 vigiles,
477 2278 622 2355 portisque
635 2278 800 2355 patentrbus
814 2296 911 2335 omnes

184 2355 339 2432 Accipiunt
353 2357 450 2428 socios,
464 2360 550 2434 atque
563 2357 678 2435 agmina
691 2356 802 2416 conscia
811 2356 948 2434 jungunt.

224 2435 375 2513 “Tempus
389 2440 459 2508 erat,
473 2457 528 2514 quo
541 2437 634 2514 prima
646 2437 725 2514 quies
738 2436 906 2495 mortalibus
920 2436 1004 2514 aegris

185 2513 302 2592 Incipit,
316 2520 346 2575 et
359 2516 433 2574 dono
447 2517 546 2574 divum
558 2517 721 2594 gratissima
734 2515 830 2593 serpit.

185 2592 223 2650 In
236 2596 351 2668 somnis,
365 2616 436 2666 ecce,
450 2599 517 2654 ante
531 2597 626 2654 oculos
639 2595 835 2654 maestissimus
850 2593 962 2653 Hector

186 2673 272 2732 Visus
286 2676 381 2734 adesse
394 2676 474 2748 mihi,
487 2676 636 2754 largosque
649 2675 790 2735 effundere
802 2675 897 2747 fietus,

186 2753 331 2831 Raptatus
344 2756 418 2834 bigis
431 2759 466 2814 ut
479 2756 630 2834 quondam,
644 2758 760 2833 aterque
773 2757 891 2814 cruento

187 2833 316 2907 Pulvere,
330 2856 433 2913 perque
446 2836 530 2913 pedes
543 2835 680 2912 trajectus
692 2835 753 2893 lora
764 2836 920 2893 tumentes.

187 2913 247 2972 Hei
259 2915 339 2987 mihi,
354 2915 444 2993 qualis
457 2916 533 2974 erat!
554 2919 694 2993 quantum
707 2916 836 2972 mutatus
850 2912 947 2972 abillo

66 2983 76 3003 ’
187 2993 323 3067 Hectore,
337 2995 386 3072 qui
398 2995 473 3054 redit
486 2995 600 3054 exuvias
614 2994 732 3053 indutus
746 2993 861 3065 Achilli,

187 3073 241 3132 Vel
254 3074 388 3132 Danaum
401 3075 544 3153 Phrygios
553 3074 695 3152 jaculatus
709 3073 849 3151 puppibus
862 3071 959 3150 ignes!

188 3152 370 3231 squalentem
382 3155 508 3227 barbam,
521 3158 552 3213 et
565 3158 710 3213 concretos
723 3153 861 3230 sanguine
874 3151 973 3223 crines,

187 3234 368 3312 Vulneraque
380 3235 429 3292 illa
442 3255 551 3313 gerens,
565 3255 627 3312 quae
641 3233 748 3292 circum
760 3231 883 3310 plurima
895 3251 991 3289 muros

187 3314 307 3391 Accepit
320 3314 436 3391 patrios.
476 3314 562 3373 Ultro
575 3314 645 3372 fiens
659 3313 719 3390 ipse
731 3312 847 3371 videbar

188 3392 363 3470 Compellare
376 3394 478 3467 virum,
492 3397 522 3453 et
535 3397 648 3453 mestas
662 3411 824 3471 expromere
836 3410 936 3449 voces:

189 3472 231 3531 ‘O
244 3474 294 3530 lux
306 3473 466 3545 Dardania,
480 3494 543 3551 spes
557 3494 574 3532 ο
587 3473 724 3531 fidissima
736 3472 887 3542 Teucrum,

189 3552 259 3624 Quae
272 3555 362 3610 tantae
375 3555 493 3612 tenuere
506 3551 616 3613 morae?
637 3553 739 3631 quibus
753 3551 866 3610 Hector
879 3549 915 3608 ab
929 3548 985 3608 oris

188 3633 362 3710 Exspectate
374 3631 477 3692 venis?
497 3636 532 3691 ut
544 3636 575 3692 te
587 3636 654 3710 post
666 3631 759 3690 multa
771 3634 888 3689 tuorum

188 3711 310 3784 Funera,
323 3717 389 3789 post
402 3711 494 3770 varios
505 3712 711 3789 hominumque
724 3711 857 3788 urbisque
869 3708 979 3767 labores

188 3791 301 3852 Defessi
313 3791 479 3869 aspicimus!
500 3812 562 3869 quae
575 3812 659 3850 causa
670 3791 789 3869 indigna
802 3809 914 3849 serenos

186 3864 323 3932 Foedaiit
335 3869 458 3931 vultus?
478 3875 529 3931 aut
542 3891 593 3930 cur
604 3872 665 3930 haec
678 3871 796 3930 vulnera
809 3889 892 3929 cerno
903 3866 926 3928 P’

27 3980 47 4040 ι
175 3952 235 4015 Ille
246 3952 341 4030 nihi13
362 3973 416 4016 nee
429 3973 477 4015 me
491 3954 759 4036 quarentemuana
768 3951 913 4009 moratur:
