2506 4298
453 225 481 268 1².
494 223 634 272 malm
647 223 787 269 ninom

162 1555 273 1633 Oraque
286 1553 437 1613 corticibus
450 1557 568 1613 sumunt
580 1553 719 1612 horrenda
731 1552 854 1626 cavatis;

162 1636 205 1694 Et
218 1638 257 1706 te,
271 1634 392 1706 Bacche,
405 1637 509 1694 vocant
522 1654 572 1711 per
584 1633 709 1692 carmina
720 1633 794 1704 laetn,
807 1634 917 1712 tibique

162 1714 269 1774 Oscilla
281 1733 315 1773 ex
327 1714 387 1772 alta
399 1713 575 1791 suspendunt
587 1712 684 1772 mollia
697 1713 776 1789 pinu.

162 1793 243 1852 Hinc
257 1792 348 1853 omnis
361 1793 441 1871 largo
453 1793 582 1870 pubescit
594 1793 677 1851 vinea
688 1794 767 1864 fetu;

163 1872 349 1950 complentur
362 1873 503 1949 vallesque
516 1893 591 1931 cavae
604 1873 748 1949 saltusque
757 1871 898 1949 profundi,

162 1952 205 2009 Et
219 1971 395 2029 quocumque
408 1953 476 2011 deus
489 1952 595 2011 circum
608 1953 693 2028 ceput
706 1950 767 2028 egit
779 1952 940 2012 honestum.

163 2031 243 2108 Ergo
256 2031 311 2089 rite
324 2051 407 2088 suum
420 2031 534 2089 Baccho
548 2031 671 2089 dicemus
685 2029 821 2089 honorem

163 2110 342 2168 Carminibus
355 2109 464 2186 patriis,
476 2110 624 2187 lancesque
637 2113 667 2168 et
679 2109 738 2168 liba
749 2110 871 2168 feremus
881 2134 888 2181 ;

163 2189 206 2247 Et
218 2188 321 2248 ductus
334 2209 422 2248 cornu
434 2188 523 2247 stabit
536 2208 613 2247 sacer
625 2189 720 2246 hircus
734 2188 771 2246 ad
783 2209 869 2260 aram,

164 2267 341 2345 Pinguiaque
353 2268 384 2325 in
396 2268 508 2326 veribus
521 2267 691 2326 torrebimus
704 2271 771 2326 exta
783 2268 914 2327 colurnis.

203 2347 261 2406 Est
273 2348 360 2406 etiam
375 2347 422 2405 ille
434 2347 513 2406 labor
526 2347 656 2405 curandis
669 2347 775 2406 vitibus
790 2348 871 2420 alter,

164 2425 220 2483 Oui
231 2446 377 2504 nunquam
390 2426 520 2485 exhausti
533 2426 602 2484 satis
615 2430 675 2485 est:
695 2446 817 2504 namque
831 2446 914 2486 omne
924 2427 1079 2503 quotannis

164 2504 275 2582 Terque
288 2509 441 2582 quaterque
454 2506 549 2564 solum
558 2506 750 2577 scindendum,
764 2505 901 2583 glebaque
913 2506 1002 2565 versis

163 2584 317 2644 AEtemum
328 2585 483 2662 frangenda
494 2584 657 2643 bidentibus
667 2610 673 2657 ;
693 2604 776 2644 omne
788 2585 941 2644 levandum

164 2663 278 2723 Fronde
291 2684 407 2735 nemus;
427 2663 500 2723 redit
513 2663 642 2741 agricolis
655 2665 734 2722 labor
747 2667 827 2722 actus
840 2665 871 2722 in
885 2666 991 2737 orbem,

164 2743 262 2820 Atque
274 2743 305 2800 in
318 2764 347 2801 se
360 2763 412 2802 sue
424 2762 474 2820 per
485 2742 607 2820 vestigia
619 2743 745 2802 volvitur
757 2764 856 2802 annus.

164 2823 210 2880 Ac
218 2823 279 2900 jam
292 2822 368 2894 olim,
381 2842 455 2880 seras
468 2822 564 2899 posuit
573 2842 662 2899 quum
674 2822 756 2881 vinea
768 2823 890 2896 frondes,

165 2901 299 2979 Frigidus
312 2904 342 2961 et
355 2901 432 2960 silvis
445 2901 538 2978 aquilo
552 2902 674 2961 decussit
686 2902 840 2975 honorem3

165 2979 187 3038 J
188 3000 234 3038 am
246 2984 311 3040 tum
324 3001 386 3040 acer
400 3001 480 3039 curas
492 2981 653 3039 venientem
666 2980 794 3039 extendit
807 2981 838 3040 in
851 3000 959 3040 annum

165 3059 311 3130 Rusticus,
324 3063 354 3118 et
368 3080 453 3119 curvo
467 3060 583 3118 Seium
595 3060 681 3119 dente
692 3060 821 3119 relictam

164 3138 348 3218 Persequitur
360 3140 448 3198 vitem
465 3139 625 3210 attondens,
638 3139 778 3216 fingitque
792 3140 929 3216 putando.

165 3216 279 3277 Primus
291 3219 411 3276 humum
424 3218 514 3277 fodito
526 3218 634 3296 primus
647 3218 764 3277 devecta
776 3222 901 3278 cremato

165 3296 323 3369 Sarmenta,
336 3300 366 3355 et
379 3297 467 3357 vallos
480 3297 588 3375 primus
601 3298 654 3356 sub
666 3299 745 3356 tecta
756 3298 877 3370 referto;

166 3375 332 3434 Postremus
344 3378 456 3435 metito.
497 3377 548 3435 Bis
561 3376 668 3436 vitibus
680 3376 790 3454 ingruit
803 3377 921 3451 umbra;

166 3453 219 3513 Bis
232 3459 358 3532 segetem
371 3455 464 3514 densis
478 3456 623 3514 obducunt
637 3456 764 3514 sentibus
777 3456 891 3528 hcrbae3

166 3532 264 3591 Durus
277 3536 395 3610 uterque
407 3535 494 3593 labor.
535 3535 665 3592 Laudato
677 3535 807 3612 ingentia
818 3556 892 3606 rura,

167 3612 313 3690 Exiguum
326 3613 420 3671 colito.
460 3613 523 3672 Nec
535 3634 594 3673 non
606 3613 693 3672 etiam
707 3634 804 3691 aspera
816 3615 892 3674 rusci

166 3690 284 3750 Vimina
295 3711 345 3770 per
358 3691 466 3763 silvam,
479 3695 510 3752 et
522 3693 590 3770 ripis
602 3692 722 3751 fluvialis
735 3693 843 3753 arundo

167 3770 304 3843 (laeditur,
317 3770 472 3848 incultique
485 3773 596 3830 exercet
609 3791 676 3831 cura
688 3771 791 3831 salicti.

168 3849 190 3908 J
191 3869 238 3908 am
249 3849 353 3909 vinctae
365 3850 447 3923 vites,
456 3851 518 3930 jam
530 3852 632 3910 falcem
644 3851 760 3909 arbusta
771 3856 923 3928 reponunt,

27 3928 54 4023 ἱ
160 3928 232 3988 Jam
245 3929 325 3990 cauit
337 3933 481 3992 extremm
493 3930 595 3992 effetus
606 3929 713 3989 vinitor
725 3932 822 3990 autes:
