2506 4298
141 211 200 270 326
444 227 471 269 1.
485 224 780 268 11111111111111111

142 367 199 426 Per
211 367 319 427 medios
332 367 452 446 insignis
465 369 553 446 equis,
566 366 749 445 tumidusque
762 366 884 426 secundo

142 447 239 506 Marte
252 447 344 507 ruat?
383 448 453 507 Non
466 449 560 507 clause
572 449 677 525 tegrmt
685 447 748 525 jam
760 447 866 505 moenia
878 446 1012 505 Teucros.

142 527 219 599 Quin
231 527 309 586 intra
320 531 418 605 portas
431 531 516 605 atque
529 527 598 605 ipsis
610 526 710 604 proelia
722 526 843 585 miscent

141 607 303 685 Aggeribus
316 627 486 681 maerorum;
505 611 535 666 et
547 607 689 665 inundant
702 605 838 684 sanguine
850 606 939 665 fossae.

142 685 247 745 AEneas
260 686 376 764 ignarus
389 687 478 746 abest.
517 687 710 764 Nunquamne
724 685 812 744 levari

143 765 296 825 Obsidione
310 765 408 825 sines?
428 766 522 824 Muris
535 767 641 824 iterum
653 765 785 824 imminet
797 764 888 824 hostis

142 845 295 904 Nascentis
309 845 410 923 Trojae,
424 866 547 904 necnon
561 845 699 904 exercitus
713 844 801 916 clter;

142 924 240 1001 Atque
253 925 358 984 iterum
370 925 402 982 in
415 926 537 984 Teucros
551 924 656 983 AEtolis
670 924 763 1002 surgit
775 925 811 982 ab
824 923 909 1000 Arpis

143 1004 277 1082 Tydides.
317 1004 459 1080 Equidem
473 1006 565 1076 oredo,
578 1024 642 1062 mea
653 1004 770 1062 vulnera
782 1005 901 1075 restant,

142 1083 186 1142 Et
198 1086 251 1141 tua
262 1084 409 1161 progenies
422 1084 554 1143 mortalia
567 1084 696 1143 demoror
709 1084 802 1142 arma!

143 1163 175 1220 Si
187 1163 248 1221 sine
260 1183 328 1240 pace
340 1166 393 1222 tua
406 1166 492 1241 atque
504 1163 596 1222 invito
609 1163 725 1222 numine
738 1163 827 1221 Troes

143 1241 261 1301 Italiam
272 1243 387 1321 petiere,
387 1243 509 1301 -luant
521 1246 655 1321 peccata3
675 1262 766 1335 neque
777 1242 841 1300 illos

31 1387 32 1390 ¹
143 1322 165 1379 J
165 1342 258 1381 uvens
271 1322 391 1381 auxilio.
411 1322 456 1381 sin
468 1326 516 1382 tot
528 1343 661 1400 responsa
674 1321 773 1393 secuti,

143 1402 216 1474 Quae
230 1402 324 1494 superi
335 1422 487 1478 manesque
501 1402 607 1460 dabant
609 1421 706 1473 ‚-cur
718 1421 794 1459 nunc
806 1405 859 1458 1111
872 1399 1024 1478 quisquam

142 1481 282 1540 Vertere
270 1500 350 1560 111111
361 1481 481 1559 potest?
502 1484 553 1540 aut
567 1502 617 1540 cur
629 1501 704 1540 nova
716 1481 834 1539 condere
847 1478 930 1539 fata?

144 1561 221 1633 Quid
233 1564 360 1639 repetam
372 1565 486 1620 exustas
499 1560 647 1639 Erycino
638 1582 670 1618 m
681 1561 765 1619 litore
779 1558 904 1620 classes?

144 1640 439 1778 Quidpcmpestatum
451 1661 556 1717 regem,
570 1643 726 1717 ventosque
738 1640 864 1698 furentes

143 1719 221 1779 AEoli
237 1710 384 1779 excitos?
405 1723 455 1778 aut
469 1724 562 1779 aotam
575 1719 699 1778 nubibus
713 1718 811 1778 Irim?

143 1799 230 1858 Nunc
243 1801 331 1859 etiam
343 1800 542 1858 manes—haeo
555 1800 700 1858 intentata
711 1799 845 1857 manebat

144 1879 211 1938 Sors
224 1883 464 1950 rerum—movet,
478 1882 507 1938 et
521 1879 628 1956 superis
641 1878 769 1936 immissa
781 1881 898 1956 repente

143 1959 265 2031 Allecto,
279 1959 385 2018 medias
398 1925 509 2018 Italum
521 1959 659 2018 bacchata
671 1978 721 2035 per
734 1958 826 2016 urbes.

143 2038 197 2096 Nil
210 2058 294 2116 super
305 2038 424 2116 imperio
437 2058 570 2097 moveor·
591 2037 764 2130 speravimus
777 2037 842 2108 ista,

144 2117 224 2175 Dum
237 2118 352 2176 fortuna
365 2118 439 2177 fuit:
459 2119 585 2189 vincant,
599 2137 669 2194 quos
682 2117 794 2176 vincere
807 2116 905 2174 mavis.

144 2195 175 2255 si
188 2198 266 2255 nulla
279 2200 323 2255 est
335 2198 422 2274 regio,
436 2198 551 2256 Teucris
565 2218 651 2274 quam
664 2195 713 2255 det
725 2200 777 2255 tua
790 2196 892 2275 conjux

144 2276 243 2334 Dura:
263 2297 313 2353 per
326 2296 440 2349 eversae,
453 2277 575 2353 genitor,
588 2276 728 2334 fumantia
741 2277 834 2354 Trojae

143 2355 266 2414 Excidio
278 2356 422 2414 obtestor:
442 2356 527 2415 liceat
541 2356 685 2414 dimittere
699 2356 734 2414 ab
748 2356 833 2413 armis

144 2435 324 2493 Incolumem
337 2435 501 2507 Ascanium,
514 2436 599 2494 liceat
613 2455 756 2512 superesse
768 2437 910 2512 nepotem.

144 2515 249 2573 AEneas
263 2534 329 2572 sane
342 2515 449 2591 ignotis
458 2515 585 2592 jactetur
597 2515 628 2573 in
642 2515 733 2586 undis,

144 2594 196 2668 Et,
210 2614 416 2671 quamcumque
429 2594 504 2652 viam
518 2595 628 2652 dederit
640 2595 764 2665 fortuna,
778 2595 930 2670 sequatur:
960 2640 963 2646 .

144 2673 234 2732 Hunc
247 2678 352 2751 tegere,
366 2677 396 2732 et
410 2674 477 2732 dirce
489 2674 600 2732 valeam
613 2675 767 2733 subducere
779 2693 894 2750 pugnae.

144 2753 202 2812 Est
215 2754 368 2825 Amathus,
381 2755 426 2811 est
439 2753 514 2812 celsa
526 2754 598 2812 mihi
612 2754 737 2832 Paphus,
752 2756 837 2828 atque
851 2751 987 2830 Cythera,

145 2832 298 2910 Idaliaeque
312 2799 431 2892 domus:
450 2833 551 2912 positis
565 2833 703 2910 inglorius
716 2832 802 2891 armis

145 2913 254 2990 Erigat
267 2913 314 2971 hic
328 2931 430 2971 aevum.
471 2914 581 2991 Magna
594 2913 701 2972 ditione
710 2913 812 2991 jubeto

145 2992 291 3070 Carthago
295 2997 415 3130 premat
428 2993 604 3051 Ausoniam:
625 2993 697 3050 nihil
711 2993 829 3051 urbibus
842 2988 909 3048 inde

146 3071 281 3131 Obstabit
320 3093 389 3150 yrns
439 3072 515 3144 Quid
527 3075 638 3149 pestem
651 3072 768 3131 evadere
780 3069 848 3130 belli

145 3151 168 3208 J
168 3152 240 3224 11111
254 3155 284 3210 et
296 3151 445 3244 Argolicos
458 3153 584 3210 medium
596 3152 702 3228 fugisse
715 3171 765 3228 per
778 3151 867 3228 ignes,

145 3198 258 3307 Totqde
272 3234 356 3289 maris
369 3235 512 3307 vastaeque
526 3232 664 3290 exhausta
675 3231 800 3308 pericula
812 3233 907 3299 111111,

145 3310 225 3368 Dum
239 3310 357 3368 Latium
370 3311 473 3369 Teucri
485 3311 662 3388 recidivaque
675 3311 816 3389 Pergama
829 3306 987 3386 quaerunt?

145 3389 216 3447 Non
229 3390 327 3462 satius,
341 3390 446 3449 cineres
460 3390 561 3467 patriae
575 3390 709 3449 insedisse
723 3409 877 3467 supremos,

145 3469 243 3545 Atque
256 3436 349 3527 soluin
363 3489 432 3562 quo
432 3470 498 3547 Troj
501 3491 518 3528 1
530 3469 609 3530 fuit?
630 3470 782 3528 Xanthum
796 3472 826 3527 et
840 3469 988 3526 Simoenta

146 3547 254 3619 Redde,
268 3568 326 3621 oro,
339 3549 464 3621 miseris3
483 3491 644 3655 iterumque
656 3549 799 3608 revolvere
813 3568 893 3606 casus

145 3627 194 3685 Da
195 3629 304 3704 ,paten
318 3595 420 3686 lhacos
434 3629 580 3687 Teucrisff’
622 3630 698 3688 Tum
710 3629 790 3707 regia
802 3628 824 3686 J
825 3648 882 3687 uno

145 3672 222 3765 Acte
234 3707 327 3766 furore
340 3708 436 3785 gravi.
457 3709 559 3780 “Quid
571 3729 618 3767 me
632 3709 691 3767 elta
704 3709 818 3767 silentia
830 3707 909 3784 cogis

145 3786 299 3862 Rumpere,
313 3789 343 3845 et
356 3786 512 3846 obductum
523 3789 617 3847 verbis
629 3789 745 3867 vulgare
759 3786 908 3847 dolorem?
924 3791 987 3845 »fec
999 3763 1065 3853 nl«
1152 3810 1155 3816 ·

145 3865 257 3924 AEnean
269 3862 448 3958 hominum
433 3867 581 3943 quisquam
594 3868 749 3944 divumque
762 3867 877 3945 subegit

145 3944 228 4005 Belle
240 3944 392 4024 sequitant
404 3945 471 4007 host
457 3950 518 4007 tem
530 3946 592 4026 regi
605 3968 635 4007 se
647 3948 751 4007 inferre
764 3945 895 4006 Latmo?
