2506 4298
566 232 708 276 muros
722 233 784 275 LIB.
799 234 841 277 Π.

231 371 355 447 Interea,
369 377 401 434 et
412 374 536 433 tacitum
548 373 622 433 vivit
635 375 689 434 sub
701 377 816 453 pectore
828 375 941 436 vulnus.

230 452 335 513 Uritur
347 455 446 513 infelix
458 454 544 527 Dido,
557 457 676 532 totaque
688 459 811 533 vagatur

230 532 311 592 Urbe
323 535 436 594 furens:
457 533 547 611 qualis
560 535 689 613 conjecta
701 555 783 594 cerva
796 517 911 613 sagittd,

231 612 325 685 Quam
337 614 436 692 procul
448 614 594 672 incautam
607 635 723 673 nemora
735 614 812 674 inter
825 616 922 675 Oresio
935 617 1000 676 fixit

231 693 336 752 Pastor
349 714 435 774 agens
448 694 522 765 telis,
535 693 675 771 liquitque
688 695 803 754 volatile
816 696 923 754 ferrum

231 773 371 833 Nescius:
390 775 440 832 illa
451 774 521 851 fuga
534 773 618 832 silvas
632 775 776 851 saltusque
788 780 921 853 peragrat

139 874 174 905 s·-
231 850 358 912 Dictaeos
370 879 376 927 ;
396 855 487 912 haeret
500 853 584 912 lateri
595 854 688 913 letalis
701 854 819 913 arundo.

231 932 318 992 Nunc
331 934 425 992 media
437 933 549 992 AEnean
563 953 658 992 secum
671 953 721 1011 per
734 934 839 993 moenia
852 934 941 1007 ducit,

231 1011 415 1090 Sidoniasque
429 1016 557 1072 ostentat
571 1033 646 1090 opes,
659 1014 814 1090 urbemque
827 1019 974 1091 paratam

230 1091 340 1170 Incipit
352 1093 439 1165 effari,
452 1093 599 1170 mediaque
612 1093 643 1152 in
655 1113 724 1152 voce
737 1093 862 1153 resistit:

230 1171 318 1230 Nunc
331 1173 437 1245 eadem,
451 1172 565 1232 labente
578 1173 631 1245 die,
645 1173 775 1232 convivia
788 1174 899 1250 quaerit,

230 1250 389 1328 Hiacosque
401 1252 506 1310 iterum
519 1252 634 1311 demens
648 1253 744 1312 audire
757 1253 866 1312 labores

230 1330 376 1408 Exposuit,
389 1332 550 1409 pendetque
561 1332 668 1390 iterum
680 1333 822 1391 narrantis
835 1334 871 1392 ab
884 1354 941 1392 ore.

230 1409 311 1482 Post,
325 1410 375 1469 ubi
388 1412 514 1489 digressi,
527 1412 679 1489 lumenque
692 1414 813 1471 obscura
824 1413 948 1471 vicissim
974 1381 1061 1472 otono
1095 1417 1128 1467 111
1139 1441 1152 1463 a
1171 1442 1206 1469 m
1245 1426 1251 1461 τ

230 1489 315 1548 Luna
326 1491 440 1568 premit,
454 1492 629 1570 suadentque
643 1492 773 1550 cadentia
785 1492 876 1550 sidera
889 1513 1011 1565 somnos,
1056 1503 1105 1569 tq.
1194 1497 1201 1557 s
1222 1497 1225 1503 '

230 1569 297 1628 Sola
309 1571 394 1629 domo
406 1574 507 1629 maeret
519 1591 616 1642 vacua,
630 1572 781 1649 stratisque
793 1571 900 1630 relictis
1175 1568 1182 1603 ¹

230 1649 371 1708 Incubet:
391 1650 474 1708 illum
487 1651 587 1709 absens
600 1651 747 1709 absentem
759 1652 894 1728 auditque
906 1652 1049 1728 videtque.

147 1762 183 1795 „a
230 1728 294 1787 Aut
306 1729 414 1807 gremio
428 1730 592 1801 Ascanium,
606 1731 744 1808 genitoris
756 1730 880 1808 imagine
894 1735 985 1808 capta,

230 1807 360 1881 Detinet,
374 1810 524 1867 infandum
537 1811 561 1868 si
573 1810 669 1868 fallere
681 1810 773 1888 possit
786 1830 920 1868 amorem.

230 1889 301 1947 Non
314 1893 416 1967 coeptae
429 1894 583 1968 assurgimt
596 1893 706 1961 tmres3
725 1909 784 1947 non
798 1909 876 1948 arms
884 1890 1022 1968 juventus

230 1967 362 2041 Exercet,
376 1973 510 2046 portusve
524 1973 575 2027 aut
587 1969 799 2046 propugnacula
811 1969 885 2028 bello

230 2047 309 2107 Tuta
320 2052 440 2126 parant:
461 2049 586 2127 pendent
600 2069 685 2126 opera
697 2049 866 2126 interrupta,
879 2048 1020 2126 minaeque

230 2127 383 2187 Murorum
396 2127 536 2206 ingentes,
550 2131 717 2207 aequataque
730 2129 862 2186 machina
874 2129 954 2188 coele.

270 2207 364 2279 Quam
377 2208 462 2265 simul
475 2228 507 2267 ac
520 2209 573 2266 tali
585 2208 725 2286 persensit
738 2211 818 2285 peste
830 2209 923 2267 teneri

231 2285 304 2345 Cara
317 2287 339 2344 J
340 2287 400 2345 ovis
414 2288 475 2366 conj
516 2334 523 2360 ,
537 2308 590 2346 nec
603 2288 709 2346 famam
722 2288 835 2346 obstare
848 2287 954 2360 finori;
1028 2323 1189 2351 Μ-κ,
1209 2334 1249 2373 ,η

231 2365 348 2425 Talibus
362 2309 828 2445 aggreditii'r‘Vffiefn'Satmnia
841 2368 941 2426 dictis:
1197 2350 1206 2374 ’

231 2449 248 2475 “
258 2446 415 2524 Egregiam
427 2467 494 2506 vero
507 2447 621 2506 laudem
634 2449 664 2506 et
678 2448 767 2525 spolia
780 2448 874 2525 ampla
886 2446 996 2506 refertis

231 2524 331 2602 Tuque
344 2547 468 2603 puerque
481 2529 566 2598 tuus;
586 2546 724 2605 magnum
737 2531 767 2585 et
780 2528 960 2586 memorabile
973 2547 1087 2599 numen,

230 2603 298 2662 Una
310 2604 376 2664 dolo
389 2606 487 2664 divum
501 2607 526 2664 si
537 2607 643 2665 femina
655 2607 733 2665 victa
745 2607 866 2665 duorum
879 2610 932 2666 est.

230 2683 293 2743 Nee
306 2704 353 2742 me
367 2685 435 2744 adeo
448 2686 531 2758 fallit,
543 2686 665 2744 veritam
678 2690 709 2744 te
722 2686 827 2744 moeuia
840 2690 946 2760 nostra,

231 2763 381 2841 Suspectus
394 2765 526 2825 habuisse
539 2765 638 2824 domos
652 2765 834 2843 Carthaginis
847 2767 923 2824 altae.

232 2842 287 2902 Sed
300 2844 363 2921 quis
377 2845 431 2903 erit
444 2844 569 2904 modus?
590 2849 641 2903 aut
655 2865 710 2921 quo
723 2867 800 2904 nunc
814 2845 969 2904 certamina
980 2844 1087 2905 tanta?

232 2923 307 2994 Quin
320 2924 417 3000 potius
429 2945 528 3002 pacem
541 2926 678 2983 aeternam
691 2929 845 3002 pactosque
858 2925 1022 3003 hymenaeos

231 3001 427 3063 Exercemusi
447 3005 543 3076 habes,
557 3007 622 3062 tota
634 3005 710 3081 quod
721 3009 819 3063 mente
831 3005 946 3082 petisti:

231 3082 324 3140 Ardet
337 3102 434 3142 amans
448 3083 534 3156 Dido,
547 3084 692 3162 traxitque
704 3105 755 3163 per
767 3105 831 3143 ossa
843 3085 975 3143 furorem.

232 3160 420 3221 Communem
432 3163 510 3222 hunc
523 3183 592 3240 ergo
604 3164 742 3241 populum
754 3164 923 3241 paribusque
936 3182 1067 3241 regamus

231 3242 391 3319 Auspiciis;
411 3242 496 3301 liceat
509 3243 640 3322 Phrygio
653 3245 756 3302 servire
769 3245 882 3316 marito,

231 3321 400 3400 Dotalisque
413 3325 474 3380 tuse
488 3322 591 3400 Tydes
603 3324 769 3400 permittere
782 3323 919 3381 dextrae.”

270 3401 459 3460 Olli-sensit
471 3402 548 3460 enim
562 3403 695 3462 simulata
707 3406 804 3461 mente
817 3403 952 3475 locutam,

231 3480 294 3552 Quo
307 3501 429 3558 regnum
440 3481 535 3540 Italiae
548 3482 671 3559 Libycas
684 3486 825 3541 averteret
838 3503 941 3541 oras—

231 3561 278 3619 Sic
291 3565 391 3619 contra
403 3564 448 3619 est
460 3561 588 3639 ingressa
600 3562 713 3622 Venus:
735 3566 751 3593 “
761 3562 831 3634 Quis
843 3563 913 3621 talia
926 3563 1041 3621 demens

230 3641 359 3712 Abnuat,
372 3644 423 3699 aut
435 3644 532 3700 tecum
544 3643 627 3700 malit
640 3643 809 3701 contendere
817 3642 920 3715 bello?

231 3720 263 3778 Si
275 3720 370 3792 mode,
384 3721 460 3798 quod
471 3741 620 3793 memoras,
633 3722 742 3780 factum
755 3723 872 3781 fortuna
885 3724 1028 3800 sequatur.

231 3799 289 3858 Sed
301 3799 368 3858 fatis
380 3799 489 3859 incerta
500 3801 584 3874 feror,
597 3801 623 3860 si
636 3801 752 3880 Jupiter
763 3821 851 3860 unam

229 3878 304 3938 Esse
316 3879 387 3938 velit
400 3879 494 3958 Tyriis
506 3881 607 3939 urbem
620 3881 759 3959 Trojaque
771 3880 914 3958 profectis,

228 3958 379 4019 Miscerire
385 3959 492 4037 probet
498 3960 629 4039 populos,
643 3965 695 4023 ant
707 3962 817 4024 foedera
825 3959 922 4046 jungi.
