2506 4298
479 251 657 298 anonarcor
669 254 732 297 nra.
746 255 797 297 111.
883 226 890 240 ’

163 391 380 472 Immanemque
392 397 494 467 rotam,
508 398 538 454 et
550 416 608 455 non
621 397 809 475 exsuperabile
822 418 929 458 saxum.

163 471 281 532 Interea
293 473 443 552 Dryadum
455 475 539 534 silvas
553 477 695 554 saltusque
709 497 858 554 sequamur

162 551 304 626 Intactas,
317 556 377 626 tua,
390 555 539 628 Macenas,
552 556 629 615 haud
641 557 737 616 mollia
745 559 840 635 jussa:

162 631 205 690 Te
218 632 279 691 aine
291 633 334 691 nil
345 633 437 692 altum
449 655 530 693 mens
543 635 666 694 inchoat.
707 637 755 694 En
768 657 828 714 age,
843 658 942 716 segnes

161 710 277 789 Rumpe
290 733 400 786 moras3
418 718 503 773 vocat
515 715 627 792 ingenti
639 717 760 775 clamore
774 717 927 790 Cithaeron,

160 790 338 870 Taygetique
351 812 442 865 canes,
455 793 644 872 domitrixque
657 796 818 873 Epidaurus
831 817 984 874 equorum3

159 869 204 928 Et
215 891 272 930 vox
285 892 400 931 assensu
411 893 559 932 nemorum
571 874 747 952 ingeminata
758 877 892 954 remugit.

160 949 232 1009 Mox
245 954 344 1011 tamen
357 953 487 1012 ardentes
499 953 630 1032 accingar
642 954 733 1013 dicere
745 976 856 1033 pugnas

160 1029 287 1104 Caesaris,
301 1035 331 1090 et
343 1053 448 1091 nomen
460 1033 536 1091 fama
548 1036 595 1092 tot
607 1034 679 1093 ferre
691 1054 742 1110 per
755 1055 851 1108 annos,

160 1109 282 1168 Tithoni
294 1112 387 1189 prima
399 1115 469 1189 quot
482 1113 562 1171 abest
574 1113 610 1171 ab
623 1113 731 1190 origine
745 1113 847 1174 Caesar.

200 1190 257 1248 Seu
270 1191 341 1268 quis,
355 1191 527 1269 Olympiaca
540 1193 659 1251 miratus
672 1194 789 1269 proemia
800 1195 910 1271 palmoe,

159 1268 259 1328 Pascit
271 1290 366 1348 equos,
381 1292 430 1330 seu
443 1271 505 1349 quis
518 1273 606 1330 fortes
619 1273 656 1330 ad
668 1276 762 1331 aratra
769 1273 921 1352 juvencos3

160 1347 287 1426 Corpora
298 1351 438 1428 praecipue
451 1354 577 1409 matrum
589 1351 676 1429 legat.
717 1353 834 1429 Optima
847 1358 938 1412 torvae

160 1427 268 1488 Forma
279 1430 369 1502 bovis,
382 1431 429 1489 cui
440 1435 525 1509 turpe
537 1435 632 1509 caput,
645 1431 691 1491 cui
703 1431 825 1509 plurima
838 1434 940 1505 cervix,

159 1507 203 1565 Et
216 1528 331 1568 crurum
342 1514 427 1568 tenus
440 1514 567 1569 amento
579 1510 702 1588 palearia
713 1512 855 1589 pendent;

158 1586 235 1646 Tum
247 1589 334 1667 longo
346 1590 441 1648 nullus
454 1590 537 1649 lateri
550 1591 649 1649 modus
660 1615 667 1662 ;
687 1591 783 1650 omnia
796 1612 915 1670 magna;

156 1666 214 1725 Pes
227 1669 324 1741 etiam,
337 1672 367 1728 et
380 1670 500 1728 camuris
513 1670 599 1728 hirtae
612 1670 664 1729 sub
677 1671 808 1730 cornibus
822 1692 910 1730 aures.

156 1746 190 1804 N
189 1767 222 1806 ec
234 1749 307 1806 mihi
319 1749 466 1826 displiceat
477 1750 594 1808 maculis
607 1749 727 1828 insignis
739 1753 770 1808 et
783 1751 855 1822 albo,

156 1826 220 1885 Aut
227 1828 301 1906 juga
312 1828 481 1901 detrectans,
489 1830 688 1907 interdumque
700 1849 799 1906 aspera
811 1850 906 1902 cornu,

155 1906 199 1964 Et
213 1907 315 1966 faciem
326 1911 409 1967 tauro
421 1909 551 1986 propior;
570 1929 689 1987 quaeque
702 1910 790 1968 ardua
801 1913 873 1983 tota,

155 1986 199 2044 Et
212 1987 344 2064 gradiens
355 1989 414 2047 ima
424 1989 513 2048 venit
524 1989 647 2066 vestigia
658 1989 755 2048 cauda.

155 2065 241 2124 AEtas
254 2067 393 2126 Lucinam
400 2069 550 2147 justosque
562 2069 623 2146 pati
635 2070 798 2146 hymenaeos

154 2144 272 2204 Desinit
286 2151 352 2207 ante
365 2149 470 2219 decem,
483 2151 549 2226 post
562 2151 684 2226 quatuor
695 2148 796 2225 incipit
809 2169 914 2220 annos3

155 2223 260 2284 (latera
271 2247 323 2286 nec
335 2228 436 2286 feturae
448 2227 558 2300 habilia,
571 2248 622 2287 nec
635 2228 717 2287 fortis
730 2227 839 2287 aratris.

155 2303 280 2377 Interea,
294 2310 407 2385 superat
420 2308 553 2385 gregibus
567 2307 635 2366 dum
648 2307 716 2366 laeta
723 2308 866 2386 juventas,

155 2383 239 2444 Solve
251 2406 360 2459 mares;
378 2388 464 2446 mitte
476 2387 507 2446 in
520 2387 659 2446 Veneram
670 2387 800 2464 pecuaria
811 2388 928 2464 primus,

154 2464 253 2542 Atque
266 2466 350 2524 aliam
363 2487 397 2525 ex
410 2467 465 2525 alia
477 2467 636 2544 generando
648 2467 743 2525 suffice
755 2468 871 2544 prolem.

155 2544 273 2622 Optima
286 2565 404 2624 quaeque
417 2546 477 2605 dies
490 2546 599 2605 miseris
611 2546 779 2605 mortalibus
792 2547 846 2604 aevi

153 2622 253 2682 Prima
265 2626 358 2702 bigit3
378 2627 501 2684 subeunt
513 2626 605 2684 m'orbi
617 2626 764 2703 tristisque
777 2628 905 2685 senectus
915 2649 922 2696 ;

153 2703 195 2762 Et
207 2705 287 2763 labor
300 2709 330 2764 et
343 2705 421 2764 durae
433 2706 509 2783 rapit
520 2705 701 2764 inclementia
712 2706 822 2764 mortis.

153 2782 270 2862 Semper
282 2789 375 2856 erunt,
385 2805 505 2862 quarum
517 2785 622 2844 mutari
635 2805 751 2862 corpora
763 2785 844 2843 malis
856 2809 863 2855 ;

153 2862 270 2942 Semper
282 2864 358 2922 enim
370 2865 461 2936 refice,
475 2884 516 2937 ac,
529 2885 565 2923 ne
577 2868 643 2943 post
656 2864 758 2922 amissa
769 2864 902 2942 requiras,

152 2944 304 3016 Anteveni,
317 2948 348 3003 et
361 2944 489 3003 subolem
501 2948 629 3003 armento
642 2943 743 3003 sortire
757 2944 915 3021 quotannis.

190 3023 222 3081 N
222 3043 254 3083 ec
267 3044 326 3082 non
339 3028 369 3082 et
381 3024 475 3101 pecori
487 3027 532 3082 est
544 3023 619 3083 idem
632 3023 752 3082 dilectus
764 3023 875 3100 equino.

156 3102 202 3160 Tu
213 3104 307 3174 modo,
320 3123 390 3180 quos
402 3103 433 3161 in
446 3123 524 3180 spem
537 3106 646 3162 statues
658 3103 826 3162 submittere
838 3101 941 3180 gentis,

152 3181 333 3260 Pmcipuum
341 3183 402 3260 jam
414 3183 480 3241 inde
493 3203 510 3241 a
521 3183 627 3242 teneris
639 3182 770 3259 impende
783 3183 918 3241 laborem.

151 3260 296 3321 OontInuo
308 3263 416 3340 pecoris
429 3263 557 3340 generosi
568 3263 662 3340 pullus
674 3262 705 3319 in
718 3261 792 3321 arvis

150 3341 247 3400 Altius
259 3342 427 3420 ingreditur,
441 3346 471 3401 et
483 3342 581 3401 mollia
592 3362 673 3401 crura
684 3342 804 3418 reponit.

150 3419 266 3480 Primus
279 3426 309 3481 et
322 3422 363 3481 ire
374 3421 459 3494 viam,
472 3425 503 3481 et
514 3422 615 3480 fluvios
627 3424 740 3480 tentare
752 3421 875 3479 minaces

150 3501 258 3573 Audet,
271 3504 302 3561 ct
314 3503 415 3579 ignoto
429 3521 488 3561 sese
501 3501 679 3560 committere
692 3500 784 3577 ponti,

150 3581 213 3640 Nec
226 3601 314 3641 vanos
327 3583 424 3641 horret
437 3582 581 3659 strepitus.
621 3580 670 3638 Illi
683 3581 770 3638 ardua
782 3579 885 3650 cervix,

84 3706 90 3717 .
150 3660 352 3739 Argutumque
365 3666 458 3739 caput,
471 3661 563 3719 brevis
577 3661 665 3732 alvus,
679 3661 817 3737 obesaque
829 3662 930 3736 terga;

149 3739 346 3819 Luxuriatque
358 3742 430 3800 toris
442 3741 600 3800 animosum
613 3743 721 3817 pectus.
762 3739 888 3797 Honesti

149 3819 291 3899 Spadices,
303 3821 469 3900 glaucique;
488 3820 566 3878 color
578 3819 747 3878 deterrimus
760 3819 831 3878 albis

148 3898 193 3958 Et
203 3900 291 3978 gilvo.
331 3901 416 3973 Tum,
429 3900 454 3960 si
467 3919 523 3976 qua
535 3919 638 3959 sonum
650 3899 749 3976 procul
761 3918 840 3956 arma
851 3896 960 3967 dedere,

148 3977 232 4040 Stare
242 3980 306 4040 lucc
316 3980 414 4054 nescit,
426 3979 517 4040 micat
527 3979 651 4056 auribus,
665 3982 697 4042 et
708 3979 811 4042 tremit
825 3981 917 4055 artus,
