2506 4298
454 222 596 266 AENEIDOS
610 222 672 265 IsIB.
686 224 744 266 XII.

126 366 185 424 Vix
198 385 246 424 ea:
268 386 357 444 quum
369 365 498 424 lacrimas
512 365 599 424 oculis
613 365 635 423 J
635 368 741 424 uturna
754 368 890 445 profudit,

125 446 237 521 Terque
250 449 405 524 quaterque
415 465 502 503 manu
515 448 613 522 pectus
627 447 764 522 percussit
776 447 938 509 honestum.

124 530 141 557 “
152 527 184 583 N
185 546 222 584 on
235 525 358 584 lacrimis
371 524 425 583 hoc
438 525 580 602 tempus,’'
596 525 636 583 ait
650 526 782 585 Saturnia
795 527 816 585 J
817 548 890 588 uno:

123 608 140 636 ‘⁴
149 605 292 676 Accelera,
305 608 335 664 et
347 605 473 676 fratrem,
487 605 511 662 si
524 605 586 681 quis
599 606 708 676 modus,
721 607 796 683 eripe
808 609 912 682 morti;

123 685 187 743 Aut
200 688 235 743 tu
247 685 320 743 bella
333 685 383 756 cic,
397 687 620 761 conceptumque
633 689 732 744 excute
745 686 846 745 foedus.

124 765 237 823 Auctor
249 784 302 843 ego
316 764 466 822 audendi.’'
509 764 555 821 Sic
568 764 718 822 exhortata
730 766 844 843 reliquit

124 843 279 915 Incertam,
293 846 322 902 et
335 843 414 901 tristi
426 843 573 901 turbatam
585 844 701 902 vulnere
714 846 827 904 mentis.

163 923 280 982 Interea
292 943 381 1000 reges,
393 923 506 1000 ingenti
518 922 593 981 mole
607 922 728 982 Latinus

124 1003 299 1081 Quadrijugo
311 1002 426 1061 vehitur
439 1023 531 1073 curru,
546 1002 591 1060 cui
606 1005 733 1079 tempora
746 1005 852 1064 circum

123 1083 229 1140 Aurati
242 1082 286 1140 bis
300 1103 348 1140 sex
361 1082 433 1140 radii
445 1082 584 1159 fulgentia
597 1081 725 1158 cingunt,

123 1162 197 1221 Solis
211 1162 257 1219 avi
270 1162 427 1239 specimen:
448 1161 522 1238 bigis
533 1160 558 1218 it
571 1161 684 1218 Turnus
697 1161 728 1218 in
742 1163 820 1237 albis,

122 1241 200 1300 Bina
212 1262 300 1299 manu
312 1242 371 1299 lato
386 1241 509 1318 crispans
522 1240 638 1298 hastilia
650 1240 732 1299 ferro.

122 1321 203 1379 Hinc
216 1324 298 1399 pater
310 1321 424 1390 Encas,
438 1320 576 1379 Romanae
590 1320 686 1396 stirpis
700 1320 790 1398 origo,

122 1401 237 1459 Siderco
250 1401 372 1478 flagrans
385 1401 473 1478 clipeo
487 1403 516 1458 et
530 1400 689 1458 coelestibus
703 1401 797 1472 armis,

44 1490 74 1529 εν
122 1479 165 1537 Et
175 1480 260 1558 juxta
272 1481 420 1552 Ascanius,
433 1498 546 1556 magnae
560 1499 622 1556 spes
636 1479 724 1538 altera
738 1480 846 1553 Rome,

121 1559 286 1619 Procedunt
300 1561 407 1632 castris,
420 1579 544 1637 puraque
557 1560 588 1617 in
600 1562 679 1617 veste
692 1560 820 1618 sacerdos
863 1596 866 1601 -

122 1639 254 1718 Saetigeri
266 1640 357 1698 fetum
371 1639 436 1710 suis,
444 1639 642 1716 intonsamque
655 1639 801 1697 bidentem

121 1720 243 1792 Attulit,
257 1720 450 1796 ammovitque
462 1739 547 1796 pecus
560 1719 745 1796 flagrantibus
758 1719 822 1777 aris.

121 1798 172 1856 Illi
185 1800 221 1857 ad
234 1802 398 1877 surgentem
411 1798 538 1857 conversi
550 1798 658 1856 lumine
671 1799 758 1856 solem

122 1879 203 1936 Dant
216 1879 312 1957 fruges
325 1879 455 1936 manibus
469 1879 563 1950 salsas,
577 1881 606 1936 ct
620 1881 748 1955 tempora
760 1879 834 1935 ferro
865 1890 871 1901 ’
887 1870 891 1897 ³

122 1958 240 2016 Summa
252 1961 355 2017 notant
369 1959 516 2035 pecudum,
530 1957 689 2035 paterisque
702 1957 803 2015 altaria
815 1957 915 2016 libant.

121 2037 197 2096 Tum
211 2039 273 2115 pius
287 2038 392 2096 AEneas
406 2037 506 2096 stricto
520 2037 559 2095 sic
573 2057 638 2095 ense
651 2040 799 2113 precatur:

121 2119 222 2176 “Esto
235 2139 310 2175 nunc
325 2117 373 2175 Sol
385 2117 468 2175 testis
482 2117 586 2175 ethaeo
601 2116 672 2173 mibi
685 2117 773 2174 Terra
786 2115 910 2187 vocanti,

122 2197 214 2269 Quam
227 2201 343 2274 propter
355 2200 453 2255 tantos
466 2196 548 2273 potui
561 2197 681 2272 perferre
694 2195 811 2268 labores,

120 2276 163 2334 Et
177 2276 265 2336 Pater
278 2277 464 2354 omnipotens,
479 2279 508 2334 et
520 2278 556 2332 tu
570 2275 702 2333 Saturnia
714 2274 802 2346 June,

121 2355 143 2413 J
143 2376 191 2414 am
203 2357 310 2429 melior,
320 2357 390 2434 jam,
404 2357 477 2428 diva,
491 2375 595 2432 precor,
609 2359 699 2431 tuque
712 2354 819 2432 inclyte
832 2355 957 2428 Mavors,

120 2435 233 2493 Cuncta
244 2440 296 2495 tuo
310 2437 360 2513 qui
372 2436 453 2508 bella,
466 2439 556 2514 pater,
570 2436 622 2494 sub
635 2436 751 2493 numine
763 2439 896 2511 torques;

120 2515 294 2591 Fontesque,
309 2516 481 2593 Fluviosquc
494 2536 572 2587 voco,
584 2535 700 2592 quaque
714 2515 841 2573 AEthcris
855 2514 907 2573 alti

119 2593 243 2672 Religio,
257 2600 286 2654 ct
300 2616 362 2671 quae
376 2595 496 2654 caeruleo
512 2598 580 2653 sunt
593 2595 710 2652 numina
722 2597 821 2672 ponto.

120 2673 245 2733 Cesserit
258 2675 386 2733 Ausonio
400 2675 424 2733 si
436 2676 494 2733 fors
507 2674 627 2733 victoria
640 2674 746 2746 Turno,

120 2752 270 2825 Convenit,
284 2755 412 2812 Evandri
424 2755 515 2813 victos
529 2754 668 2811 discedere
682 2754 718 2810 ad
730 2753 846 2825 urbem3

119 2832 210 2891 (ledet
223 2834 305 2891 Iulus
319 2835 411 2912 agris3
430 2854 481 2892 nec
495 2835 559 2910 post
573 2852 651 2890 arma
662 2832 721 2889 ulla
733 2832 848 2890 rebelles

119 2912 256 2972 AEneadae
269 2914 400 2986 referent,
414 2914 522 2972 ferrove
535 2912 597 2970 haec
610 2931 698 2988 regna
710 2912 857 2970 lacessent.

120 2992 172 3050 sin
185 2996 315 3051 nostrum
329 2994 460 3052 annuerit
472 2992 554 3050 nobis
567 2991 695 3050 Victoria
708 2992 880 3063 Martem,—

119 3071 165 3129 Ut
177 3073 273 3150 potius
285 3093 357 3144 reor,
371 3077 401 3132 et
414 3072 509 3151 potius
523 3071 552 3129 di
564 3071 681 3130 numine
693 3071 847 3130 firment—-

119 3151 189 3210 Non
202 3172 255 3230 ego
269 3173 321 3212 nec
334 3153 450 3212 Teucris
465 3153 554 3211 Italos
567 3171 663 3230 parcre
672 3151 790 3229 jubebo,

119 3230 183 3290 Nec
196 3233 268 3290 mihi
281 3254 369 3310 regua
381 3236 464 3310 peto:
486 3232 600 3310 paribus
614 3252 643 3290 se
656 3231 765 3309 legibus
780 3231 871 3289 ambae

119 3309 243 3370 Invictae
256 3317 356 3390 gentes
370 3315 477 3371 aeterna
489 3313 520 3370 iu
533 3312 638 3369 foedera
650 3314 779 3369 mittant.

119 3390 204 3449 Sacra
217 3392 339 3469 deosque
353 3392 442 3465 dabo;
462 3412 541 3450 socer
556 3411 634 3449 arma
648 3390 770 3449 Latinus
782 3390 904 3463 habeto;

118 3470 277 3548 Imperium
291 3473 415 3531 solemne
428 3492 521 3530 socer:
543 3471 614 3529 mihi
627 3471 732 3529 moenia
745 3469 847 3528 Teucri

118 3549 313 3623 constituent,
326 3553 445 3628 urbique
459 3551 538 3610 dabit
552 3550 672 3629 Layinia
684 3549 817 3608 nomen.''

117 3629 164 3688 Sic
177 3631 254 3708 prior
267 3632 388 3704 Encas,
409 3632 537 3708 sequitur
549 3631 589 3688 sic
602 3630 703 3689 deinde
716 3629 837 3686 Latinus

117 3709 278 3787 Suspicieus
292 3712 403 3783 coelum,
416 3712 566 3790 tenditque
579 3711 615 3768 ad
628 3710 719 3768 sidera
732 3709 878 3768 dextram:

117 3793 135 3831 ·“
143 3789 216 3848 Haec
229 3791 336 3864 eadem,
349 3792 449 3863 AEnea‚
463 3791 589 3862 Terram,
602 3789 693 3860 Marc,
708 3788 813 3861 Sidera,
822 3789 898 3867 juro,

117 3868 293 3948 Latonaeque
305 3891 396 3949 genus
410 3870 522 3948 duplex,
536 3869 557 3927 J
558 3889 699 3947 anumque
711 3868 874 3942 bifrontem,

116 3947 242 4026 Vimque
254 3951 339 4010 deum
351 3951 492 4011 infernam
505 3953 536 4010 et
548 3949 613 4009 duri
625 3949 750 4009 sacraria
761 3947 866 4022 uiue,
