2506 4298
452 196 593 239 AENEIDOS
607 196 669 238 LIB.
684 198 727 239 lx.

114 337 281 417 Diffirgiunt
294 337 369 397 versi
381 338 493 415 trepida
505 337 655 397 formidine
668 339 767 397 Trois.

115 419 158 477 Et
172 418 196 476 si
209 418 345 477 continuo
358 418 496 477 victorem
509 438 543 477 ea
555 439 622 476 cura
635 419 765 490 subisset,

114 497 260 575 Rumpere
273 498 397 556 claustra
409 517 495 555 manu
509 497 654 575 sociosque
667 498 824 558 immittere
837 499 943 577 portis:

114 577 244 635 Ultimus
256 577 304 636 ille
317 577 377 635 dies
390 577 464 636 bello
478 578 614 655 gentique
626 577 738 635 fuisset.

114 657 171 715 Sed
184 658 262 716 furor
274 657 421 716 ardentem
435 657 574 734 credisque
587 657 687 715 insana
700 657 803 735 cupido

113 736 188 814 Egit
200 737 231 794 in
244 737 383 795 adversos.
906 802 911 812 ,
1030 794 1034 805 ,
1190 768 1220 809 ,e

114 816 258 893 Principio
273 816 418 875 Phalerim
430 818 461 874 et
474 814 582 893 succiso
595 815 703 892 poplite
718 814 822 892 Gygen
834 801 850 875 l·
860 844 950 883 ,amns
963 822 1012 872 aa
1025 797 1102 863 illes.
1127 818 1157 859 rs
1190 806 1213 851 A
1226 828 1234 851 f
1247 832 1251 841 ,

113 895 247 972 Excipit;
267 896 334 954 hinc
347 898 443 973 raptas
456 895 632 973 fugientibus
645 894 752 971 ingerit
765 895 864 954 hastas
935 908 942 929 ⁴

113 974 152 1033 In
165 979 296 1054 tergum:
317 974 339 1033 J
339 995 397 1034 uno
410 975 483 1034 vires
497 975 678 1051 animumque
692 974 849 1034 ministrat.

112 1055 205 1114 Addit
218 1055 329 1132 Halym
343 1055 485 1126 comitem,
500 1057 530 1113 et
543 1054 654 1112 confixa
667 1053 783 1130 Phegea
796 1075 913 1132 parma3

112 1135 234 1211 Ignaros
247 1134 347 1193 deinde
360 1135 390 1192 in
405 1134 494 1192 muris
508 1133 690 1210 Martemque
705 1133 821 1206 cientes,

111 1215 342 1290 Alcandrumque
355 1214 531 1290 Haliumque
544 1213 751 1290 Noemonaque
765 1212 991 1291 Prytanimque;

111 1293 229 1370 Lyncea
240 1294 407 1353 tendentem
421 1296 529 1364 contra,
543 1293 689 1369 sociosque
703 1296 862 1365 vocantem,

111 1373 246 1431 Vibranti
258 1374 353 1452 gladio
367 1373 503 1432 connixus
517 1373 552 1431 ab
566 1393 668 1450 aggere
682 1373 782 1430 dexter

112 1452 259 1530 Occupat:
280 1453 346 1511 huic
359 1473 417 1511 uno
431 1453 573 1530 dejectum
586 1451 714 1510 cominus
728 1452 789 1510 ictu

111 1531 185 1590 Cum
199 1533 280 1610 galea
291 1533 376 1611 longe
385 1532 478 1610 jacuit
491 1535 587 1609 caput.
628 1531 702 1589 Inde
715 1530 840 1588 ferarum

110 1611 294 1671 Vastatorem
308 1613 461 1691 Amycum,
476 1631 531 1687 quo
545 1632 603 1670 non
615 1610 724 1669 felicior
737 1610 809 1668 alter

110 1690 227 1769 Ungere
240 1693 298 1750 tela
310 1712 406 1762 manu,
418 1692 579 1768 ferrumque
593 1710 701 1749 armare
714 1709 840 1760 venen03

110 1770 153 1829 Ilt
167 1771 296 1850 Clytium
309 1771 450 1842 AEoliden,
464 1774 494 1828 et
507 1771 631 1828 amicum
645 1769 768 1827 Crethea
782 1767 893 1841 Musis3

110 1849 234 1909 Crethea
247 1851 398 1909 Musarum
412 1850 554 1921 comitem,
568 1849 615 1908 cui
633 1849 758 1907 carmina
771 1867 881 1924 semper

109 1929 153 1987 Et
166 1930 285 1989 citharae
299 1930 385 2001 cordi,
399 1949 586 2006 numerosque
600 1927 748 1986 intendere
761 1927 872 2000 nervis;

110 2010 229 2087 Semper
241 2030 328 2087 equos
341 2013 427 2087 atque
441 2029 519 2067 arma
531 2009 634 2079 virum,
647 2027 813 2085 pugnasque
827 2007 956 2066 canebat.

149 2089 278 2148 Tandem
291 2089 431 2161 ductores,
445 2088 544 2146 audita
556 2088 634 2146 caede
648 2108 772 2160 suorum,

109 2167 293 2228 Conveniunt
306 2169 416 2241 Teucri,
430 2168 601 2227 Mnestheus
615 2187 732 2243 acerque
745 2167 891 2238 Serestus3

108 2247 299 2326 Pallentesque
311 2248 411 2307 vident
424 2247 522 2320 socios,
535 2248 704 2324 hostemque
717 2249 871 2324 receptum.

107 2327 152 2386 ,ut
166 2327 346 2399 Mnestheus,
359 2333 376 2359 “
387 2328 451 2400 Quo
464 2328 564 2386 deinde
577 2327 684 2405 fugam,
698 2347 753 2404 quo
767 2326 887 2385 tenditis
897 2323 931 2383 ?‘’
952 2323 1056 2401 inquit.

108 2407 214 2479 “Quos
226 2407 296 2467 alios
309 2428 414 2479 muros,
428 2427 490 2484 quae
501 2407 562 2484 jam
576 2408 653 2465 ultra
665 2406 770 2464 moenia
782 2403 917 2465 habetis?

107 2485 193 2546 Unus
206 2487 301 2558 homo,
314 2490 345 2546 ct
357 2488 468 2559 vestris,
482 2507 500 2545 o
513 2487 596 2559 cives,
609 2487 734 2564 undique
747 2489 845 2563 septus

106 2567 279 2645 Aggeribus,
292 2570 390 2625 tuntas
403 2570 512 2644 strages
525 2566 641 2643 impune
653 2586 704 2642 per
716 2566 816 2624 urbem

107 2646 265 2706 Edideritf
280 2647 420 2725 juvenum
432 2646 539 2724 primos
552 2649 599 2704 tot
612 2645 721 2703 miserit
736 2643 833 2704 Orco?

106 2725 179 2784 Non
190 2727 309 2785 infelicis
321 2727 428 2804 patrie,
441 2728 626 2802 veterumque
639 2725 764 2793 deorum,

107 2805 151 2864 Et
163 2806 262 2884 magni
274 2806 373 2864 AEneae
385 2825 484 2884 segnes
497 2805 667 2880 miseretque
679 2799 847 2880 pudetque?

107 2885 226 2944 Talibus
238 2885 347 2945 accensi
360 2886 519 2955 firmantm,
533 2888 563 2942 et
576 2883 689 2961 agmine
702 2883 789 2940 denso

107 2963 287 3024 Consistunt.
327 2965 441 3023 Turnus
454 2964 592 3042 paulatim
605 2963 736 3022 excedere
749 2979 854 3039 pugna,

107 3044 150 3102 Et
162 3045 282 3103 fluvium
294 3048 399 3122 petere,
413 3065 445 3103 ac
458 3047 569 3122 partem
582 3063 647 3121 quae
662 3041 786 3120 cingitur
799 3038 885 3098 amni.

105 3124 208 3183 Acrius
221 3124 276 3182 hoc
289 3124 392 3183 Teucri
404 3125 525 3183 clamore
537 3123 699 3182 incumbere
711 3140 824 3198 magno,

106 3203 150 3262 Ilt
162 3205 318 3282 glomerare
331 3224 463 3263 menum:
485 3223 536 3262 ceu
549 3223 656 3261 saevum
668 3201 753 3260 turba
765 3200 876 3258 leonem

107 3283 204 3355 Quum
216 3284 281 3342 telis
293 3284 398 3361 premit
410 3283 527 3342 infensis
537 3308 543 3355 ;
564 3286 594 3341 at
607 3282 725 3340 territus
737 3280 794 3351 ille,

105 3364 207 3441 Asper,
221 3364 320 3422 acerba
332 3368 426 3435 tuens,
438 3366 515 3422 retro
528 3363 619 3434 redit,
639 3365 670 3419 et
683 3379 773 3437 neque
786 3362 870 3435 terga

106 3443 156 3501 Ira
169 3444 235 3501 dare
248 3447 299 3502 aut
311 3444 403 3502 virtus
416 3443 534 3521 petitur,
548 3462 599 3501 nec
612 3441 728 3499 tendere
741 3442 849 3508 contra,

106 3522 161 3581 Ille
174 3523 289 3600 quidem
301 3524 355 3582 hoc
369 3523 493 3600 cupiens,
506 3522 582 3599 potis
595 3524 640 3580 est
652 3540 703 3597 per
715 3518 774 3577 tela
786 3518 925 3595 virosque.

105 3602 196 3661 Haud
208 3603 291 3661 aliter
304 3605 380 3679 retro
393 3603 496 3661 dubius
508 3601 630 3679 vestigia
642 3601 756 3658 Turnus

106 3682 304 3761 Improperata
315 3683 411 3753 refert,
425 3686 454 3741 et
468 3702 548 3739 mens
561 3683 700 3739 exaestuat
712 3670 763 3735 nt.

105 3762 183 3834 Quin
195 3763 282 3821 ctiam
296 3762 340 3820 bis
353 3766 418 3820 tum
431 3761 539 3819 medios
552 3761 694 3818 invaserat
707 3758 820 3828 hostes,

105 3842 157 3901 Bis
170 3843 287 3901 confusa
298 3842 368 3920 fuga
379 3862 430 3919 per
442 3861 538 3899 muros
552 3840 667 3918 agmina
678 3838 776 3896 vertit.

105 3922 161 3982 Sed
173 3942 275 3981 manus
288 3942 304 3981 e
317 3922 417 3982 castris
429 3940 547 4000 propere
559 3919 618 3978 coit
631 3919 723 3978 omnis
735 3917 767 3974 in
779 3935 878 3974 unum.

566 4016 589 4058 1
