2506 4298
187 212 247 273 844
489 226 672 270 aninumr
684 227 826 272 uaaonrs

186 368 345 429 Missilibus
357 368 442 447 longe
455 371 485 428 et
497 372 579 428 vasto
592 370 714 429 clamore
725 370 878 430 lacessunt.

186 450 312 509 Venerat
324 448 449 526 antiquis
463 448 585 528 Oorythi
598 451 633 509 de
646 450 750 508 finibus
763 451 867 523 Acron,

187 529 292 588 Graius
304 528 400 600 homo,
413 529 533 588 infectos
546 529 676 607 linquens
689 530 826 608 profugus
839 531 1023 609 hymenaeos:

187 609 277 667 Hunc
290 608 340 667 ubi
352 609 520 667 miscentem
532 608 617 686 longe
629 610 723 668 media
736 609 850 687 agmina
862 610 944 684 vidit,

187 688 367 766 Purpureum
379 688 478 765 pennis
491 690 521 747 et
534 693 625 765 pactae
638 689 766 767 conjugis
780 692 876 750 ostro:

187 768 334 845 Impastus
348 767 460 826 stabula
472 768 531 826 alta
543 767 587 827 leo
601 789 653 827 ceu
665 789 738 846 saepe
751 789 943 847 peragrans—

187 847 295 906 Suadet
308 847 385 906 enim
397 866 501 906 vesana
513 847 666 907 fames-si
678 849 752 906 forte
765 849 896 926 fugacem

188 926 264 986 Ocns
284 927 343 985 exit
356 946 494 1004 capream,
508 931 559 986 aut
573 931 738 1006 surgentem
751 928 781 985 in
794 949 900 987 cornua
913 949 1035 1002 cervum,

187 947 310 1078 Gaudia
324 1006 406 1065 hians
419 1006 550 1079 immane,
564 1027 713 1085 comasque
726 1008 840 1080 arrexit,
855 1011 885 1067 et
897 1008 987 1068 haret

187 1085 349 1144 Visceribus
362 1106 446 1164 super
458 1086 642 1160 incumbens;
662 1087 733 1146 lavit
747 1087 876 1166 improba
886 1092 963 1147 teter

188 1166 246 1224 Ora
258 1185 358 1225 cruor:

187 1244 234 1303 Sic
247 1245 307 1303 ruit
320 1245 350 1302 in
364 1243 465 1304 densos
478 1245 568 1304 alacer
581 1245 745 1305 Mezentius
758 1245 865 1305 hostes.

188 1324 333 1383 Sternitur
345 1324 443 1383 infelix
455 1326 560 1397 Acron,
574 1329 604 1384 et
617 1326 740 1384 calcibus
754 1329 847 1384 atram

188 1403 298 1462 Tamdit
310 1404 432 1462 humum
445 1405 597 1482 exspirans,
610 1405 786 1482 infractaque
798 1405 859 1464 tela
872 1407 1011 1464 cruentat

187 1483 285 1561 Atque
298 1483 374 1543 idem
387 1484 546 1562 fugientem
564 1485 641 1543 haud
654 1489 698 1544 est
712 1485 847 1563 dignatus
861 1485 976 1544 Oroden

188 1563 328 1636 Sternere,
341 1583 393 1623 nec
401 1560 483 1642 jacti
493 1584 598 1623 cacum
611 1564 677 1623 dare
691 1565 805 1642 cuspide
818 1565 942 1624 vulnus:

188 1643 296 1701 Obvius
310 1643 481 1720 adversoque
494 1644 626 1716 occurrit,
639 1665 724 1722 seque
736 1645 798 1703 viro
811 1645 855 1702 vir

188 1722 328 1794 Contulit,
341 1723 419 1781 haud
431 1723 510 1782 furto
523 1724 631 1797 melior,
645 1723 694 1782 sed
707 1724 828 1783 fortibus
842 1723 935 1782 armis.

188 1802 265 1860 Tum
278 1823 362 1882 super
374 1802 517 1880 abjectum
529 1803 623 1881 posito
636 1803 707 1881 pede
719 1804 803 1862 nixus
817 1807 846 1862 et
859 1804 961 1862 basta:

188 1881 259 1940 Pars
272 1882 339 1942 belli
351 1883 429 1941 haud
441 1884 603 1955 temnenda,
616 1884 679 1954 viri,
688 1883 766 1961 jacet
779 1884 854 1942 altus
868 1882 983 1942 Orodes.

189 1961 375 2021 Conclamant
389 1962 457 2021 socii
469 1963 569 2022 laetum
582 1983 681 2041 paeana
693 1963 792 2022 secuti.

189 2041 243 2100 Ille
257 2045 353 2101 autem
367 2043 526 2120 exspirans:
548 2047 564 2074 “
575 2043 645 2102 Non
657 2062 712 2114 me,
727 2042 896 2120 quicumque
909 2062 948 2115 es,
961 2042 1064 2116 inulto,

188 2121 297 2194 Victor,
311 2142 363 2181 nec
376 2122 494 2200 longum
507 2124 658 2182 laetabere:
678 2125 709 2181 te
723 2142 834 2200 quoque
847 2122 907 2181 fata

188 2200 377 2278 Prospectant
390 2203 477 2278 paria,
491 2206 577 2280 atque
591 2203 689 2261 eadem
702 2222 770 2260 mox
783 2223 850 2260 arva
862 2202 1003 2262 tenebis.’'

187 2281 236 2338 Ad
249 2301 334 2358 quem
347 2282 494 2341 subridens
506 2283 598 2341 mixta
611 2282 773 2340 Mezentius
786 2281 846 2340 ira:

188 2364 205 2391 “
214 2360 301 2418 Nunc
311 2381 427 2420 morere.
458 2362 515 2419 Ast
525 2363 616 2421 deme
629 2362 728 2420 divum
741 2365 822 2438 pater
832 2364 917 2438 atque
927 2361 1076 2420 hominum
1087 2382 1138 2420 rex

188 2439 330 2498 Viderit.''
372 2440 438 2498 Hoc
449 2441 544 2500 dicens
558 2442 656 2500 eduxit
670 2461 784 2519 corpore
797 2441 897 2500 telum.

189 2519 248 2576 Olli
263 2519 334 2578 dura
346 2520 425 2597 quies
439 2521 534 2579 oculos
548 2524 577 2579 et
590 2522 697 2580 ferreus
710 2525 794 2599 urget

137 2598 141 2605 '
189 2599 331 2671 Somnus3
351 2600 382 2657 in
395 2602 532 2658 aetemam
546 2601 718 2660 clauduntur
730 2601 840 2658 lumina
851 2603 975 2658 noctem.

188 2678 318 2737 Oaedicus
331 2679 506 2738 Alcathoum
519 2682 681 2753 obtruncat,
695 2681 826 2739 Sacrator
839 2679 1016 2757 Hydaspem

188 2758 432 2835 Partheniumque
446 2760 529 2838 Rapo
543 2764 573 2820 et
586 2762 749 2838 praedurum
762 2761 869 2818 viribus
884 2759 993 2818 Orsen:

188 2839 338 2916 Messapus
352 2839 541 2917 Cloniumque
554 2841 786 2918 Lycaoniumque
800 2839 952 2912 Ericeten3

189 2918 278 2976 lllum
291 2919 407 2978 infrenis
421 2920 486 2996 equi
499 2920 580 2999 lapsu
593 2921 694 2979 tellure
704 2919 857 2997 jacentem,

188 2998 278 3056 Hunc
290 2999 415 3075 peditem
429 3000 522 3076 pedes.
564 3001 606 3058 Et
619 2999 726 3077 Lycius
740 3001 913 3076 processerat
927 2997 1008 3077 Agis,

189 3078 281 3148 Quem
293 3082 391 3137 tamen
404 3079 482 3136 haud
495 3100 592 3157 expers
605 3080 724 3137 Valerus
738 3079 855 3136 virtutis
868 3078 952 3136 avita

188 3157 312 3235 Dejicit3
333 3161 363 3217 at
377 3158 537 3217 Thronium
550 3159 650 3230 Salius,
665 3158 827 3234 Saliumque
840 3157 969 3231 Nealces,

188 3237 315 3314 Insignis
324 3238 421 3316 jaculo
435 3242 465 3296 et
478 3238 563 3316 longe
576 3239 691 3297 fallente
705 3237 820 3316 sagitta.

228 3317 250 3373 J
251 3337 297 3374 am
310 3318 404 3395 gravis
418 3319 549 3395 aequabat
564 3318 659 3377 luctus
673 3321 703 3377 et
716 3320 819 3375 mutua
832 3316 950 3376 Mavors

189 3395 304 3454 Funera
315 3422 322 3469 ;
343 3398 489 3456 caedebant
501 3398 608 3475 pariter
620 3398 781 3475 pariterque
794 3398 917 3455 ruebant

188 3474 319 3534 Victores
332 3477 474 3553 victique3
493 3498 584 3554 neque
597 3478 643 3536 bis
656 3478 725 3555 suga
737 3479 816 3548 nota,
829 3496 921 3554 neque
933 3476 998 3535 illis

188 3553 229 3611 Di
243 3554 264 3610 J
265 3555 326 3614 ovis
338 3555 368 3614 in
381 3556 467 3615 tectis
480 3557 551 3615 iram
565 3557 736 3616 miserantur
748 3557 862 3615 inanem

188 3633 357 3707 Amborum,
371 3639 401 3694 et
413 3639 512 3695 tantos
525 3637 693 3696 mortalibus
707 3657 767 3695 esse
779 3637 889 3695 labores
900 3660 907 3707 3

188 3712 268 3772 Hinc
282 3713 388 3786 Venus,
401 3715 469 3774 hinc
482 3719 582 3776 contra
595 3719 705 3794 spectat
719 3716 854 3775 Saturnia
867 3715 889 3774 J
890 3735 958 3774 uno.

188 3792 300 3852 Pallida
313 3793 467 3872 Tisiphone
480 3796 574 3855 media
586 3796 663 3855 inter
675 3796 765 3855 millia
777 3794 871 3854 saevit.

183 3873 229 3934 At
242 3894 310 3936 vero
322 3874 472 3956 ingentem
485 3876 615 3955 quatiens
629 3876 789 3935 Mezentius
802 3875 917 3934 hastam

179 3956 330 4021 Turbidus
344 3957 511 4043 ingreditur
526 3977 637 4037 campo.
675 3956 773 4029 lhuam
779 3975 902 4031 magnus
911 3952 1012 4026 Orion,
