2506 4298
545 210 686 253 AENEIDOS
700 210 763 252 ms.
777 212 807 253 X.

201 356 291 428 “Quo
304 353 412 432 fugitis,
427 351 518 412 socii?
538 373 588 430 per
600 373 650 412 vos
664 356 693 412 et
706 353 791 412 fortia
803 354 887 426 facta,

202 435 259 494 Per
272 435 351 493 ducis
364 432 492 492 Evandri
505 452 617 504 nomen,
631 433 796 511 devictaque
808 435 888 507 bella,

202 515 342 592 Spemque
355 534 457 584 meam,
469 512 568 590 patrias
581 533 644 589 quae
656 533 732 571 nunc
746 513 822 571 subit
836 513 937 572 aemula
947 513 1034 587 laudi,

204 595 301 652 Fidite
314 614 351 652 ne
363 593 490 670 pedibus.
531 591 619 651 Ferro
632 593 789 669 rumpenda
800 613 850 670 per
863 594 960 652 hostes

203 674 261 732 Est
273 674 328 731 via.
369 674 434 745 Qua
446 671 548 749 globus
561 670 609 730 ille
622 673 716 730 virum
729 672 910 731 densissimus
922 679 1016 752 urget,

204 754 270 811 Hac
283 773 334 811 vos
347 755 378 810 11
392 752 524 810 Ρ1111111
537 751 637 810 ducem
651 752 744 829 patria
757 753 815 810 alta
827 753 957 830 reposcit.

203 832 334 892 Numina
346 832 425 890 nulla
437 833 587 908 premunt;
607 831 722 890 mortali
734 852 869 910 urgemur
882 833 917 891 ab
930 834 1013 893 hoste

204 911 360 983 Mortales3
380 911 503 969 totidem
517 910 598 968 nobis
612 911 767 988 animaeque
782 932 945 990 manusque.

203 992 288 1064 Ecce,
301 992 387 1050 maris
400 1010 506 1068 magna
518 991 625 1049 11111111
638 1011 690 1048 111
703 991 792 1068 objice
805 995 928 1068 pontus;

205 1072 296 1130 Deest
305 1071 366 1150 jam
380 1074 457 1129 terra
469 1071 564 1147 fugae:
584 1071 700 1148 pelagus
714 1071 864 1148 Trojamne
878 1078 1007 1149 petemus
1019 1070 1061 1132 1”

205 1151 282 1209 Haec
296 1151 346 1222 ait,
360 1154 389 1208 et
403 1150 512 1208 medius
527 1148 626 1208 densos
640 1151 800 1227 prorumpit
813 1151 844 1207 in
857 1151 963 1211 hostes.

207 1231 315 1288 Obvius
329 1231 396 1288 huic
409 1229 541 1307 primum,
555 1229 622 1286 fatis
636 1229 775 1287 adductus
789 1230 901 1306 iniquis,

207 1310 259 1368 Fit
272 1309 385 1386 Lagus:
405 1310 491 1381 hunc,
505 1327 609 1385 magno
623 1308 703 1367 vellit
716 1309 784 1366 dum
797 1310 919 1387 pondere
933 1331 1041 1382 saxum,

206 1390 323 1447 Intorto
337 1389 402 1467 figit
415 1389 483 1461 telo,
497 1387 660 1446 discrimina
673 1388 759 1447 costis

206 1469 263 1527 Per
276 1469 401 1527 medium
415 1489 471 1546 qua
484 1467 565 1543 spina
578 1469 681 1540 dabat;
700 1469 868 1543 hastamque
880 1472 1007 1545 receptat

206 1549 325 1607 Ossibus
337 1549 502 1606 haerentem.
545 1548 636 1620 Quem
649 1568 707 1606 non
721 1567 804 1624 super
817 1548 936 1606 occubat
950 1549 1053 1621 Hisbo,

206 1628 262 1686 Ille
277 1628 390 1704 quidem
402 1629 457 1686 hoc
471 1648 604 1706 sperans:
624 1648 692 1685 nam
706 1627 800 1685 Pallas
813 1631 880 1685 ante
892 1631 1031 1700 ruentem,

205 1708 287 1766 Dum
300 1707 378 1779 furit,
391 1707 540 1766 incautum
553 1707 659 1766 crudeli
671 1710 763 1765 morte
777 1707 888 1778 sodalis,

206 1787 332 1864 Excipit,
346 1791 432 1864 atque
445 1808 542 1847 ensem
553 1787 665 1845 tumido
678 1786 709 1843 in
722 1786 855 1863 pulmone
867 1786 1004 1845 recondit.

205 1867 285 1925 Hinc
299 1867 466 1925 Sthenelum
479 1868 562 1944 petit,
576 1871 606 1926 et
620 1866 722 1923 Rhoeti
736 1866 870 1943 degente
882 1869 997 1925 vetusta

165 2000 168 2005 .
205 1945 423 2018 Anchemolum,
436 1947 578 2005 thalamos
592 1966 692 2004 ausum
704 1946 842 2004 incestare
855 1966 993 2004 novercae.

205 2025 265 2084 Vos
280 2026 365 2084 etiam
379 2027 487 2103 gemini
500 2025 619 2085 Rutulis
634 2025 774 2084 cecidistis
787 2025 816 2082 in
831 2025 914 2096 arvis,

206 2105 324 2176 Daucia,
338 2105 441 2164 Laride
455 2107 665 2184 Thymberque,
680 2104 823 2162 simillima
835 2107 936 2181 proles,

207 2184 366 2243 Indiscreta
379 2186 437 2243 suis
450 2190 605 2262 gratusque
618 2184 782 2262 parentibus
796 2205 889 2256 error3

206 2265 250 2322 At
263 2285 338 2322 nunc
352 2265 423 2322 dura
436 2264 514 2323 dedit
527 2265 608 2324 vobis
621 2263 784 2323 discrimina
796 2264 908 2323 Pallas:

207 2343 286 2402 Nam
300 2344 363 2417 tibi,
378 2345 532 2422 Thymbre,
548 2347 635 2422 caput
648 2344 809 2402 Evandrius
824 2344 944 2402 abstulit
958 2344 1049 2417 ensis;

207 2424 247 2481 Τ1
260 2423 353 2481 decisa
365 2443 458 2496 suum,
472 2424 584 2496 Laride,
598 2425 714 2482 dextera
727 2424 841 2502 quaerit,

208 2502 446 2580 Semianimesque
459 2504 567 2562 micant
581 2504 674 2581 digiti,
689 2505 850 2579 ferrumque
864 2506 1028 2563 retractant.

207 2583 332 2641 Arcadas
346 2602 476 2642 ascensos
489 2583 611 2656 monitu,
625 2586 656 2642 et
669 2584 803 2660 praeclara
815 2586 930 2641 tuentes

208 2662 299 2720 Facta
311 2661 374 2734 viri,
387 2662 495 2721 mixtus
509 2663 589 2722 dolor
602 2665 632 2721 11
644 2663 736 2741 pudor
749 2664 841 2721 armat
854 2663 885 2719 in
897 2663 1003 2722 hostes.

209 2740 285 2799 Tum
297 2740 393 2800 Pallas
405 2741 511 2821 bijugis
524 2742 683 2820 fugientem
696 2742 821 2800 Rhoetea
833 2743 938 2818 praeter

208 2820 334 2899 Trajicit.
373 2819 441 2880 Hoc
454 2821 587 2901 spatium,
604 2824 776 2897 tantumque
788 2840 873 2879 morae
886 2820 943 2880 fuit
955 2820 1016 2893 1103

209 2900 255 2959 Ilo
268 2920 389 2977 namque
402 2901 503 2978 procul
514 2901 638 2960 validam
652 2900 792 2959 direxerat
805 2900 928 2973 hastam,

209 2980 302 3052 Quam
315 2980 425 3039 medius
438 2980 579 3040 Rhoeteus
592 2979 747 3058 intercipit,
761 2979 869 3057 optime
882 2980 1019 3051 Teuthra,

209 3059 250 3118 Te
263 3058 384 3137 fugiens,
397 3060 570 3136 fratremque
584 3059 696 3138 Tyren3
717 3079 855 3136 curruque
868 3060 983 3125 volutus

209 3138 301 3197 Caedit
315 3139 486 3198 semianimis
500 3139 675 3199 Rutulorum
689 3139 811 3198 calcibus
824 3159 899 3197 arva.

208 3219 253 3278 Ac
265 3218 353 3291 velut,
368 3221 467 3297 optato
480 3219 574 3278 ventis
588 3222 687 3279 aestate
701 3219 813 3291 coortis,

209 3297 345 3376 Dispersa
356 3298 492 3358 1111111111
506 3299 583 3358 silvis
596 3299 727 3358 incendia
739 3293 855 3377 pastor3

209 3376 354 3454 Correptio
368 3378 463 3437 subito
476 3378 586 3451 mediis,
599 3379 764 3438 extenditur
777 3398 834 3436 una

208 3457 335 3516 Horrida
348 3457 484 3535 perlatos
498 3458 571 3517 acies
583 3458 725 3517 Vulcania
737 3477 851 3535 campos
862 3481 869 3528 ;

209 3537 263 3596 Ille
277 3537 376 3595 sedens
388 3537 481 3597 victor
493 3538 623 3596 flammas
637 3539 783 3616 despectat
797 3539 933 3596 ovantes:

208 3616 280 3676 Non
292 3616 374 3675 aliter
387 3617 495 3676 socium
507 3617 600 3676 virtus
614 3619 672 3677 coit
686 3618 777 3676 omnis
790 3617 821 3674 in
834 3635 933 3687 unum,

209 3696 306 3774 Teque
314 3696 408 3774 juvat,
423 3696 512 3756 Palla.
553 3697 609 3756 Sed
621 3697 702 3756 bellis
716 3717 779 3756 acer
792 3696 917 3755 Halesus

209 3775 316 3835 Tendit
328 3775 359 3834 in
372 3777 512 3849 adversos,
526 3796 610 3855 seque
622 3776 653 3836 in
666 3797 717 3836 111
730 3775 838 3854 colligit
851 3795 938 3834 arma.

209 3855 269 3915 Hic
282 3858 392 3914 mactat
405 3855 531 3929 Ladona,
545 3856 732 3934 Pheretaque,
745 3855 997 3932 Demodocumque

209 3934 375 4016 Strymonio
388 3935 520 3997 dextram
531 3935 655 4016 fulgenti
667 3935 771 4016 deripit
784 3955 850 3995 ense
