<?xml version="1.0" encoding="UTF-8"?>
<!DOCTYPE html PUBLIC "-//W3C//DTD XHTML 1.0 Transitional//EN"
    "http://www.w3.org/TR/xhtml1/DTD/xhtml1-transitional.dtd">
<html xmlns="http://www.w3.org/1999/xhtml" xml:lang="en" lang="en">
 <head>
  <title>
</title>
<meta http-equiv="Content-Type" content="text/html;charset=utf-8" />
  <meta name='ocr-system' content='tesseract 3.04.00' />
  <meta name='ocr-capabilities' content='ocr_page ocr_carea ocr_par ocr_line ocrx_word'/>
</head>
<body>
  <div class='ocr_page' id='page_1' title='image "./workspubliusvir00thomgoog_0264.png"; bbox 0 0 2506 4298; ppageno 0'>
   <div class='ocr_carea' id='block_1_1' title="bbox 531 215 1145 272">
    <p class='ocr_par' dir='ltr' id='par_1_1' title="bbox 531 215 1145 272">
     <span class='ocr_line' id='line_1_1' title="bbox 531 215 1145 272; baseline 0.008 -5"><span class='ocrx_word' id='word_1_1' title='bbox 531 225 808 269; x_wconf 70' lang='lat' dir='ltr'><strong>sunmosnmr.</strong></span> <span class='ocrx_word' id='word_1_2' title='bbox 1087 215 1145 272; x_wconf 84' lang='lat'><strong>229</strong></span> 
     </span>
    </p>
   </div>
   <div class='ocr_carea' id='block_1_2' title="bbox 192 330 832 449">
    <p class='ocr_par' dir='ltr' id='par_1_2' title="bbox 192 330 832 449">
     <span class='ocr_line' id='line_1_2' title="bbox 192 330 832 449; baseline -0.005 -19"><span class='ocrx_word' id='word_1_3' title='bbox 192 330 328 449; x_wconf 43' lang='lat' dir='ltr'><strong>Diicujus</strong></span> <span class='ocrx_word' id='word_1_4' title='bbox 336 369 433 448; x_wconf 86' lang='lat' dir='ltr'><strong>jurare</strong></span> <span class='ocrx_word' id='word_1_5' title='bbox 445 367 551 427; x_wconf 90' lang='lat' dir='ltr'><strong>timent</strong></span> <span class='ocrx_word' id='word_1_6' title='bbox 565 372 596 427; x_wconf 92' lang='lat' dir='ltr'><strong>et</strong></span> <span class='ocrx_word' id='word_1_7' title='bbox 608 368 704 428; x_wconf 87' lang='lat' dir='ltr'><strong>fallere</strong></span> <span class='ocrx_word' id='word_1_8' title='bbox 716 389 832 428; x_wconf 90' lang='lat' dir='ltr'><strong>numen.</strong></span> 
     </span>
    </p>
   </div>
   <div class='ocr_carea' id='block_1_3' title="bbox 192 448 1066 527">
    <p class='ocr_par' dir='ltr' id='par_1_3' title="bbox 192 448 1066 527">
     <span class='ocr_line' id='line_1_3' title="bbox 192 448 1066 527; baseline 0.002 -18"><span class='ocrx_word' id='word_1_9' title='bbox 192 451 269 510; x_wconf 84' lang='lat' dir='ltr'><strong>Haeo</strong></span> <span class='ocrx_word' id='word_1_10' title='bbox 280 449 382 522; x_wconf 88' lang='lat' dir='ltr'><strong>omnis,</strong></span> <span class='ocrx_word' id='word_1_11' title='bbox 392 468 479 527; x_wconf 86' lang='lat' dir='ltr'><strong>quam</strong></span> <span class='ocrx_word' id='word_1_12' title='bbox 490 448 591 520; x_wconf 83' lang='lat' dir='ltr'>cernis,</span> <span class='ocrx_word' id='word_1_13' title='bbox 601 448 683 525; x_wconf 89' lang='lat' dir='ltr'><strong>inops</strong></span> <span class='ocrx_word' id='word_1_14' title='bbox 692 449 899 527; x_wconf 75' lang='lat' dir='ltr'><strong>inhumataque</strong></span> <span class='ocrx_word' id='word_1_15' title='bbox 909 451 996 510; x_wconf 89' lang='lat' dir='ltr'><strong>turba</strong></span> <span class='ocrx_word' id='word_1_16' title='bbox 1004 455 1066 526; x_wconf 82' lang='lat' dir='ltr'><strong>est3</strong></span> 
     </span>
    </p>
   </div>
   <div class='ocr_carea' id='block_1_4' title="bbox 94 522 1003 608">
    <p class='ocr_par' dir='ltr' id='par_1_4' title="bbox 94 522 1003 608">
     <span class='ocr_line' id='line_1_4' title="bbox 94 522 1003 608; baseline 0.004 -22"><span class='ocrx_word' id='word_1_17' title='bbox 94 558 99 567; x_wconf 91' lang='lat'>·</span> <span class='ocrx_word' id='word_1_18' title='bbox 119 544 127 559; x_wconf 89' lang='grc'><strong>··</strong></span> <span class='ocrx_word' id='word_1_19' title='bbox 142 522 162 569; x_wconf 55' lang='grc' dir='ltr'><strong><em>Ϋ</em></strong></span> <span class='ocrx_word' id='word_1_20' title='bbox 193 530 325 589; x_wconf 90' lang='lat' dir='ltr'><strong>Portitor</strong></span> <span class='ocrx_word' id='word_1_21' title='bbox 337 528 394 599; x_wconf 89' lang='lat' dir='ltr'><strong>ille,</strong></span> <span class='ocrx_word' id='word_1_22' title='bbox 408 528 538 600; x_wconf 88' lang='lat' dir='ltr'><strong>Charon;</strong></span> <span class='ocrx_word' id='word_1_23' title='bbox 558 528 599 601; x_wconf 88' lang='lat' dir='ltr'><strong>hi,</strong></span> <span class='ocrx_word' id='word_1_24' title='bbox 613 548 683 606; x_wconf 90' lang='lat' dir='ltr'><strong>quos</strong></span> <span class='ocrx_word' id='word_1_25' title='bbox 696 529 777 587; x_wconf 88' lang='lat' dir='ltr'><strong>vehit</strong></span> <span class='ocrx_word' id='word_1_26' title='bbox 790 529 876 601; x_wconf 88' lang='lat' dir='ltr'><strong>unda,</strong></span> <span class='ocrx_word' id='word_1_27' title='bbox 890 531 1003 608; x_wconf 75' lang='lat' dir='ltr'><strong>sepulti.</strong></span> 
     </span>
    </p>
   </div>
   <div class='ocr_carea' id='block_1_5' title="bbox 193 608 1092 4038">
    <p class='ocr_par' dir='ltr' id='par_1_5' title="bbox 193 608 1092 4038">
     <span class='ocr_line' id='line_1_5' title="bbox 193 608 874 687; baseline -0.003 -18"><span class='ocrx_word' id='word_1_28' title='bbox 193 611 257 669; x_wconf 90' lang='lat' dir='ltr'><strong>Nec</strong></span> <span class='ocrx_word' id='word_1_29' title='bbox 270 610 346 687; x_wconf 87' lang='lat' dir='ltr'><strong>ripas</strong></span> <span class='ocrx_word' id='word_1_30' title='bbox 360 609 445 667; x_wconf 83' lang='lat' dir='ltr'><strong>datur</strong></span> <span class='ocrx_word' id='word_1_31' title='bbox 457 608 612 667; x_wconf 84' lang='lat' dir='ltr'><strong>horrendas</strong></span> <span class='ocrx_word' id='word_1_32' title='bbox 625 612 656 667; x_wconf 91' lang='lat' dir='ltr'><strong>et</strong></span> <span class='ocrx_word' id='word_1_33' title='bbox 668 628 752 667; x_wconf 86' lang='lat' dir='ltr'><strong>rauca</strong></span> <span class='ocrx_word' id='word_1_34' title='bbox 765 608 874 668; x_wconf 87' lang='lat' dir='ltr'><strong>fluenta</strong></span> 
     </span>
     <span class='ocr_line' id='line_1_6' title="bbox 193 687 963 768; baseline 0 -20"><span class='ocrx_word' id='word_1_35' title='bbox 193 690 401 768; x_wconf 81' lang='lat' dir='ltr'><strong>Transportare</strong></span> <span class='ocrx_word' id='word_1_36' title='bbox 414 687 502 765; x_wconf 87' lang='lat' dir='ltr'><strong>prius,</strong></span> <span class='ocrx_word' id='word_1_37' title='bbox 516 707 603 765; x_wconf 88' lang='lat' dir='ltr'><strong>quam</strong></span> <span class='ocrx_word' id='word_1_38' title='bbox 616 688 730 746; x_wconf 88' lang='lat' dir='ltr'><strong>sedibus</strong></span> <span class='ocrx_word' id='word_1_39' title='bbox 744 708 808 746; x_wconf 89' lang='lat' dir='ltr'><strong>ossa</strong></span> <span class='ocrx_word' id='word_1_40' title='bbox 821 691 963 765; x_wconf 77' lang='lat' dir='ltr'><strong>quierrmt.</strong></span> 
     </span>
     <span class='ocr_line' id='line_1_7' title="bbox 194 767 1042 844; baseline 0.002 -17"><span class='ocrx_word' id='word_1_41' title='bbox 194 769 321 828; x_wconf 81' lang='lat' dir='ltr'><strong>Centum</strong></span> <span class='ocrx_word' id='word_1_42' title='bbox 334 772 430 826; x_wconf 88' lang='lat' dir='ltr'><strong>errant</strong></span> <span class='ocrx_word' id='word_1_43' title='bbox 443 787 542 839; x_wconf 86' lang='lat' dir='ltr'><strong>annos,</strong></span> <span class='ocrx_word' id='word_1_44' title='bbox 554 767 735 844; x_wconf 83' lang='lat' dir='ltr'><strong>volitantque</strong></span> <span class='ocrx_word' id='word_1_45' title='bbox 747 767 808 826; x_wconf 85' lang='lat' dir='ltr'><strong>haec</strong></span> <span class='ocrx_word' id='word_1_46' title='bbox 821 769 907 828; x_wconf 90' lang='lat' dir='ltr'><strong>litora</strong></span> <span class='ocrx_word' id='word_1_47' title='bbox 920 770 1042 830; x_wconf 85' lang='lat' dir='ltr'><strong>circum:</strong></span> 
     </span>
     <span class='ocr_line' id='line_1_8' title="bbox 193 847 966 925; baseline 0.001 -19"><span class='ocrx_word' id='word_1_48' title='bbox 193 849 271 907; x_wconf 86' lang='lat' dir='ltr'><strong>Tum</strong></span> <span class='ocrx_word' id='word_1_49' title='bbox 285 848 401 906; x_wconf 90' lang='lat' dir='ltr'><strong>demum</strong></span> <span class='ocrx_word' id='word_1_50' title='bbox 414 847 530 906; x_wconf 83' lang='lat' dir='ltr'>admissi</span> <span class='ocrx_word' id='word_1_51' title='bbox 543 849 646 925; x_wconf 85' lang='lat' dir='ltr'><strong>stagna</strong></span> <span class='ocrx_word' id='word_1_52' title='bbox 659 850 795 924; x_wconf 86' lang='lat' dir='ltr'><strong>exoptata</strong></span> <span class='ocrx_word' id='word_1_53' title='bbox 807 848 966 908; x_wconf 87' lang='lat' dir='ltr'><strong>revisunt.’&#39;</strong></span> 
     </span>
     <span class='ocr_line' id='line_1_9' title="bbox 193 926 879 1004; baseline 0 -18"><span class='ocrx_word' id='word_1_54' title='bbox 193 927 336 987; x_wconf 85' lang='lat' dir='ltr'><strong>Constitit</strong></span> <span class='ocrx_word' id='word_1_55' title='bbox 348 926 476 986; x_wconf 78' lang='lat' dir='ltr'><strong>Anchisa</strong></span> <span class='ocrx_word' id='word_1_56' title='bbox 488 929 576 999; x_wconf 86' lang='lat' dir='ltr'><strong>satus,</strong></span> <span class='ocrx_word' id='word_1_57' title='bbox 590 931 620 986; x_wconf 91' lang='lat' dir='ltr'><strong>et</strong></span> <span class='ocrx_word' id='word_1_58' title='bbox 633 927 755 1004; x_wconf 85' lang='lat' dir='ltr'><strong>vestigia</strong></span> <span class='ocrx_word' id='word_1_59' title='bbox 767 928 879 1004; x_wconf 87' lang='lat' dir='ltr'><strong>pressit,</strong></span> 
     </span>
     <span class='ocr_line' id='line_1_10' title="bbox 193 1006 1016 1086; baseline 0.002 -20"><span class='ocrx_word' id='word_1_60' title='bbox 193 1008 293 1066; x_wconf 89' lang='lat' dir='ltr'><strong>Multa</strong></span> <span class='ocrx_word' id='word_1_61' title='bbox 306 1010 419 1084; x_wconf 78' lang='lat' dir='ltr'><strong>putam,</strong></span> <span class='ocrx_word' id='word_1_62' title='bbox 433 1010 595 1084; x_wconf 78' lang='lat' dir='ltr'>sortemque</span> <span class='ocrx_word' id='word_1_63' title='bbox 609 1007 703 1065; x_wconf 89' lang='lat' dir='ltr'><strong>animo</strong></span> <span class='ocrx_word' id='word_1_64' title='bbox 716 1006 867 1065; x_wconf 88' lang='lat' dir='ltr'><strong>miseratus</strong></span> <span class='ocrx_word' id='word_1_65' title='bbox 880 1007 1016 1086; x_wconf 89' lang='lat' dir='ltr'><strong>iniquam.</strong></span> 
     </span>
     <span class='ocr_line' id='line_1_11' title="bbox 194 1086 899 1146; baseline 0 0"><span class='ocrx_word' id='word_1_66' title='bbox 194 1087 295 1146; x_wconf 81' lang='lat' dir='ltr'><strong>Cernit</strong></span> <span class='ocrx_word' id='word_1_67' title='bbox 307 1087 349 1145; x_wconf 92' lang='lat' dir='ltr'><strong>ibi</strong></span> <span class='ocrx_word' id='word_1_68' title='bbox 361 1089 477 1145; x_wconf 87' lang='lat' dir='ltr'><strong>maestos</strong></span> <span class='ocrx_word' id='word_1_69' title='bbox 491 1090 521 1144; x_wconf 91' lang='lat' dir='ltr'><strong>et</strong></span> <span class='ocrx_word' id='word_1_70' title='bbox 534 1086 636 1145; x_wconf 86' lang='lat' dir='ltr'><strong>mortis</strong></span> <span class='ocrx_word' id='word_1_71' title='bbox 649 1086 758 1145; x_wconf 86' lang='lat' dir='ltr'>honore</span> <span class='ocrx_word' id='word_1_72' title='bbox 771 1091 899 1146; x_wconf 89' lang='lat' dir='ltr'><strong>carentes</strong></span> 
     </span>
     <span class='ocr_line' id='line_1_12' title="bbox 194 1165 959 1244; baseline 0.003 -19"><span class='ocrx_word' id='word_1_73' title='bbox 194 1167 365 1244; x_wconf 77' lang='lat' dir='ltr'><strong>Leucaspim</strong></span> <span class='ocrx_word' id='word_1_74' title='bbox 378 1168 408 1225; x_wconf 89' lang='lat' dir='ltr'><strong>et</strong></span> <span class='ocrx_word' id='word_1_75' title='bbox 421 1165 680 1243; x_wconf 85' lang='lat' dir='ltr'><strong>Lyoiae.ductorem</strong></span> <span class='ocrx_word' id='word_1_76' title='bbox 693 1165 789 1224; x_wconf 87' lang='lat' dir='ltr'><strong>classis</strong></span> <span class='ocrx_word' id='word_1_77' title='bbox 803 1166 959 1228; x_wconf 87' lang='lat' dir='ltr'><strong>Orontem:</strong></span> 
     </span>
     <span class='ocr_line' id='line_1_13' title="bbox 195 1245 935 1324; baseline 0.001 -19"><span class='ocrx_word' id='word_1_78' title='bbox 195 1247 274 1319; x_wconf 75' lang='lat' dir='ltr'><strong>Quos</strong></span> <span class='ocrx_word' id='word_1_79' title='bbox 288 1245 374 1304; x_wconf 90' lang='lat' dir='ltr'><strong>simul</strong></span> <span class='ocrx_word' id='word_1_80' title='bbox 387 1265 404 1303; x_wconf 97' lang='lat' dir='ltr'><strong>a</strong></span> <span class='ocrx_word' id='word_1_81' title='bbox 417 1245 503 1323; x_wconf 69' lang='lat' dir='ltr'><strong>&#39;froja</strong></span> <span class='ocrx_word' id='word_1_82' title='bbox 515 1248 635 1304; x_wconf 88' lang='lat' dir='ltr'><strong>ventosa</strong></span> <span class='ocrx_word' id='word_1_83' title='bbox 646 1266 697 1324; x_wconf 90' lang='lat' dir='ltr'><strong>per</strong></span> <span class='ocrx_word' id='word_1_84' title='bbox 712 1265 826 1323; x_wconf 82' lang='lat' dir='ltr'><strong>aequora</strong></span> <span class='ocrx_word' id='word_1_85' title='bbox 838 1250 935 1306; x_wconf 87' lang='lat' dir='ltr'><strong>vectos</strong></span> 
     </span>
     <span class='ocr_line' id='line_1_14' title="bbox 194 1315 987 1406; baseline 0.004 -22"><span class='ocrx_word' id='word_1_86' title='bbox 194 1326 300 1385; x_wconf 88' lang='lat' dir='ltr'><strong>Obruit</strong></span> <span class='ocrx_word' id='word_1_87' title='bbox 314 1328 418 1397; x_wconf 87' lang='lat' dir='ltr'><strong>auster,</strong></span> <span class='ocrx_word' id='word_1_88' title='bbox 432 1315 511 1403; x_wconf 63' lang='lat' dir='ltr'><strong>aqut</strong></span> <span class='ocrx_word' id='word_1_89' title='bbox 516 1325 663 1385; x_wconf 89' lang='lat' dir='ltr'><strong>involvens</strong></span> <span class='ocrx_word' id='word_1_90' title='bbox 677 1345 834 1403; x_wconf 83' lang='lat' dir='ltr'><strong>navemque</strong></span> <span class='ocrx_word' id='word_1_91' title='bbox 846 1327 987 1406; x_wconf 88' lang='lat' dir='ltr'><strong>virosque.</strong></span> 
     </span>
     <span class='ocr_line' id='line_1_15' title="bbox 235 1405 869 1484; baseline 0.002 -20"><span class='ocrx_word' id='word_1_92' title='bbox 235 1406 311 1465; x_wconf 83' lang='lat' dir='ltr'><strong>Ecce</strong></span> <span class='ocrx_word' id='word_1_93' title='bbox 324 1406 498 1484; x_wconf 89' lang='lat' dir='ltr'><strong>gubernator</strong></span> <span class='ocrx_word' id='word_1_94' title='bbox 510 1425 570 1463; x_wconf 88' lang='lat' dir='ltr'><strong>sese</strong></span> <span class='ocrx_word' id='word_1_95' title='bbox 583 1405 736 1463; x_wconf 89' lang='lat' dir='ltr'><strong>Palinurus</strong></span> <span class='ocrx_word' id='word_1_96' title='bbox 750 1406 869 1483; x_wconf 88' lang='lat' dir='ltr'><strong>agebat:</strong></span> 
     </span>
     <span class='ocr_line' id='line_1_16' title="bbox 195 1484 880 1563; baseline 0 -19"><span class='ocrx_word' id='word_1_97' title='bbox 195 1486 253 1559; x_wconf 83' lang='lat' dir='ltr'><strong>Qui</strong></span> <span class='ocrx_word' id='word_1_98' title='bbox 266 1485 376 1563; x_wconf 85' lang='lat' dir='ltr'><strong>Libyco</strong></span> <span class='ocrx_word' id='word_1_99' title='bbox 388 1505 480 1562; x_wconf 87' lang='lat' dir='ltr'><strong>nuper</strong></span> <span class='ocrx_word' id='word_1_100' title='bbox 493 1505 585 1557; x_wconf 85' lang='lat' dir='ltr'><strong>eursu,</strong></span> <span class='ocrx_word' id='word_1_101' title='bbox 599 1485 669 1543; x_wconf 90' lang='lat' dir='ltr'><strong>dum</strong></span> <span class='ocrx_word' id='word_1_102' title='bbox 682 1484 773 1543; x_wconf 87' lang='lat' dir='ltr'><strong>sidera</strong></span> <span class='ocrx_word' id='word_1_103' title='bbox 785 1490 880 1544; x_wconf 85' lang='lat' dir='ltr'><strong>servat</strong></span> 
     </span>
     <span class='ocr_line' id='line_1_17' title="bbox 195 1531 1016 1643; baseline -0.009 -19"><span class='ocrx_word' id='word_1_104' title='bbox 195 1565 352 1624; x_wconf 81' lang='lat' dir='ltr'><strong>Exciderat</strong></span> <span class='ocrx_word' id='word_1_105' title='bbox 364 1565 454 1643; x_wconf 87' lang='lat' dir='ltr'><strong>puppi</strong></span> <span class='ocrx_word' id='word_1_106' title='bbox 466 1565 567 1623; x_wconf 89' lang='lat' dir='ltr'><strong>mediis</strong></span> <span class='ocrx_word' id='word_1_107' title='bbox 581 1565 686 1623; x_wconf 87' lang='lat' dir='ltr'><strong>effusus</strong></span> <span class='ocrx_word' id='word_1_108' title='bbox 699 1565 730 1622; x_wconf 93' lang='lat' dir='ltr'><strong>in</strong></span> <span class='ocrx_word' id='word_1_109' title='bbox 743 1565 836 1623; x_wconf 85' lang='lat' dir='ltr'><strong>undis.</strong></span> <span class='ocrx_word' id='word_1_110' title='bbox 852 1531 922 1624; x_wconf 48' lang='lat' dir='ltr'><strong>Aa</strong></span> <span class='ocrx_word' id='word_1_111' title='bbox 930 1549 1016 1617; x_wconf 55' lang='lat' dir='ltr'><strong>lca</strong></span> 
     </span>
     <span class='ocr_line' id='line_1_18' title="bbox 195 1644 979 1722; baseline 0 -18"><span class='ocrx_word' id='word_1_112' title='bbox 195 1646 286 1704; x_wconf 85' lang='lat' dir='ltr'><strong>Hunc</strong></span> <span class='ocrx_word' id='word_1_113' title='bbox 299 1645 350 1704; x_wconf 91' lang='lat' dir='ltr'><strong>ubi</strong></span> <span class='ocrx_word' id='word_1_114' title='bbox 362 1644 411 1703; x_wconf 85' lang='lat' dir='ltr'><strong>vix</strong></span> <span class='ocrx_word' id='word_1_115' title='bbox 423 1645 518 1703; x_wconf 88' lang='lat' dir='ltr'><strong>multa</strong></span> <span class='ocrx_word' id='word_1_116' title='bbox 529 1644 663 1702; x_wconf 69' lang='lat' dir='ltr'><strong>maestu‘m</strong></span> <span class='ocrx_word' id='word_1_117' title='bbox 676 1645 812 1722; x_wconf 86' lang='lat' dir='ltr'><strong>cognovit</strong></span> <span class='ocrx_word' id='word_1_118' title='bbox 825 1645 856 1702; x_wconf 92' lang='lat' dir='ltr'><strong>in</strong></span> <span class='ocrx_word' id='word_1_119' title='bbox 868 1646 979 1718; x_wconf 84' lang='lat' dir='ltr'><strong>umbra,</strong></span> 
     </span>
     <span class='ocr_line' id='line_1_19' title="bbox 197 1724 977 1804; baseline 0 -21"><span class='ocrx_word' id='word_1_120' title='bbox 197 1726 244 1784; x_wconf 84' lang='lat' dir='ltr'><strong>Sic</strong></span> <span class='ocrx_word' id='word_1_121' title='bbox 257 1724 335 1804; x_wconf 88' lang='lat' dir='ltr'><strong>prior</strong></span> <span class='ocrx_word' id='word_1_122' title='bbox 348 1724 518 1802; x_wconf 85' lang='lat' dir='ltr'><strong>alloquitur:</strong></span> <span class='ocrx_word' id='word_1_123' title='bbox 539 1724 635 1797; x_wconf 82' lang='lat' dir='ltr'><strong>“Quis</strong></span> <span class='ocrx_word' id='word_1_124' title='bbox 648 1728 687 1796; x_wconf 87' lang='lat' dir='ltr'><strong>te,</strong></span> <span class='ocrx_word' id='word_1_125' title='bbox 701 1724 844 1796; x_wconf 81' lang='lat' dir='ltr'><strong>Palinure,</strong></span> <span class='ocrx_word' id='word_1_126' title='bbox 859 1725 977 1784; x_wconf 91' lang='lat' dir='ltr'><strong>deorum</strong></span> 
     </span>
     <span class='ocr_line' id='line_1_20' title="bbox 196 1803 910 1882; baseline 0 -18"><span class='ocrx_word' id='word_1_127' title='bbox 196 1805 315 1882; x_wconf 87' lang='lat' dir='ltr'><strong>Eripuit</strong></span> <span class='ocrx_word' id='word_1_128' title='bbox 328 1804 419 1876; x_wconf 87' lang='lat' dir='ltr'><strong>nobis,</strong></span> <span class='ocrx_word' id='word_1_129' title='bbox 432 1804 582 1882; x_wconf 87' lang='lat' dir='ltr'><strong>medioque</strong></span> <span class='ocrx_word' id='word_1_130' title='bbox 596 1805 649 1862; x_wconf 87' lang='lat' dir='ltr'><strong>sub</strong></span> <span class='ocrx_word' id='word_1_131' title='bbox 663 1824 773 1880; x_wconf 86' lang='lat' dir='ltr'><strong>aequore</strong></span> <span class='ocrx_word' id='word_1_132' title='bbox 786 1803 910 1864; x_wconf 76' lang='lat' dir='ltr'><strong>mersit?</strong></span> 
     </span>
     <span class='ocr_line' id='line_1_21' title="bbox 196 1884 1019 1962; baseline 0.002 -19"><span class='ocrx_word' id='word_1_133' title='bbox 196 1885 254 1944; x_wconf 90' lang='lat' dir='ltr'><strong>Dic</strong></span> <span class='ocrx_word' id='word_1_134' title='bbox 266 1905 329 1962; x_wconf 86' lang='lat' dir='ltr'><strong>age.</strong></span> <span class='ocrx_word' id='word_1_135' title='bbox 369 1884 503 1961; x_wconf 85' lang='lat' dir='ltr'><strong>Namque</strong></span> <span class='ocrx_word' id='word_1_136' title='bbox 516 1884 597 1956; x_wconf 86' lang='lat' dir='ltr'><strong>mihi,</strong></span> <span class='ocrx_word' id='word_1_137' title='bbox 611 1884 697 1942; x_wconf 81' lang='lat' dir='ltr'><strong>fallax</strong></span> <span class='ocrx_word' id='word_1_138' title='bbox 709 1884 787 1942; x_wconf 89' lang='lat' dir='ltr'><strong>haud</strong></span> <span class='ocrx_word' id='word_1_139' title='bbox 800 1887 868 1943; x_wconf 85' lang='lat' dir='ltr'><strong>ante</strong></span> <span class='ocrx_word' id='word_1_140' title='bbox 880 1887 1019 1962; x_wconf 88' lang='lat' dir='ltr'><strong>repertus,</strong></span> 
     </span>
     <span class='ocr_line' id='line_1_22' title="bbox 197 1963 872 2041; baseline -0.003 -18"><span class='ocrx_word' id='word_1_141' title='bbox 197 1965 265 2024; x_wconf 86' lang='lat' dir='ltr'><strong>Hoc</strong></span> <span class='ocrx_word' id='word_1_142' title='bbox 278 1984 336 2023; x_wconf 93' lang='lat' dir='ltr'><strong>uno</strong></span> <span class='ocrx_word' id='word_1_143' title='bbox 349 1983 484 2041; x_wconf 88' lang='lat' dir='ltr'><strong>responso</strong></span> <span class='ocrx_word' id='word_1_144' title='bbox 497 1964 625 2022; x_wconf 88' lang='lat' dir='ltr'><strong>animum</strong></span> <span class='ocrx_word' id='word_1_145' title='bbox 639 1963 744 2022; x_wconf 78' lang='lat' dir='ltr'><strong>delusit</strong></span> <span class='ocrx_word' id='word_1_146' title='bbox 758 1963 872 2041; x_wconf 90' lang='lat' dir='ltr'><strong>Apollo,</strong></span> 
     </span>
     <span class='ocr_line' id='line_1_23' title="bbox 197 2043 941 2121; baseline 0 -19"><span class='ocrx_word' id='word_1_147' title='bbox 197 2044 255 2117; x_wconf 83' lang='lat' dir='ltr'><strong>Qui</strong></span> <span class='ocrx_word' id='word_1_148' title='bbox 267 2044 327 2102; x_wconf 89' lang='lat' dir='ltr'><strong>fore</strong></span> <span class='ocrx_word' id='word_1_149' title='bbox 340 2047 371 2102; x_wconf 88' lang='lat' dir='ltr'><strong>te</strong></span> <span class='ocrx_word' id='word_1_150' title='bbox 384 2047 474 2121; x_wconf 90' lang='lat' dir='ltr'><strong>ponto</strong></span> <span class='ocrx_word' id='word_1_151' title='bbox 487 2043 668 2116; x_wconf 88' lang='lat' dir='ltr'><strong>incolumem,</strong></span> <span class='ocrx_word' id='word_1_152' title='bbox 681 2044 808 2120; x_wconf 87' lang='lat' dir='ltr'><strong>finesque</strong></span> <span class='ocrx_word' id='word_1_153' title='bbox 822 2044 941 2102; x_wconf 88' lang='lat' dir='ltr'><strong>canebat</strong></span> 
     </span>
     <span class='ocr_line' id='line_1_24' title="bbox 196 2122 1028 2200; baseline 0.007 -20"><span class='ocrx_word' id='word_1_154' title='bbox 196 2124 362 2183; x_wconf 86' lang='lat' dir='ltr'><strong>Venturum</strong></span> <span class='ocrx_word' id='word_1_155' title='bbox 374 2123 526 2182; x_wconf 83' lang='lat' dir='ltr'><strong>Ausonios.</strong></span> <span class='ocrx_word' id='word_1_156' title='bbox 566 2123 615 2181; x_wconf 82' lang='lat' dir='ltr'><strong>En</strong></span> <span class='ocrx_word' id='word_1_157' title='bbox 627 2123 691 2181; x_wconf 84' lang='lat' dir='ltr'><strong>haec</strong></span> <span class='ocrx_word' id='word_1_158' title='bbox 704 2122 844 2200; x_wconf 89' lang='lat' dir='ltr'><strong>promissa</strong></span> <span class='ocrx_word' id='word_1_159' title='bbox 856 2124 926 2182; x_wconf 89' lang='lat' dir='ltr'><strong>fides</strong></span> <span class='ocrx_word' id='word_1_160' title='bbox 939 2128 984 2185; x_wconf 87' lang='lat' dir='ltr'><strong>est</strong></span> <span class='ocrx_word' id='word_1_161' title='bbox 994 2125 1028 2187; x_wconf 75' lang='lat'><strong>?”</strong></span> 
     </span>
     <span class='ocr_line' id='line_1_25' title="bbox 197 2203 982 2279; baseline -0.001 -18"><span class='ocrx_word' id='word_1_162' title='bbox 197 2203 253 2262; x_wconf 91' lang='lat' dir='ltr'><strong>Ille</strong></span> <span class='ocrx_word' id='word_1_163' title='bbox 266 2207 379 2262; x_wconf 87' lang='lat' dir='ltr'><strong>autem:</strong></span> <span class='ocrx_word' id='word_1_164' title='bbox 401 2203 529 2279; x_wconf 88' lang='lat' dir='ltr'><strong>“Neque</strong></span> <span class='ocrx_word' id='word_1_165' title='bbox 541 2205 572 2262; x_wconf 89' lang='lat' dir='ltr'><strong>te</strong></span> <span class='ocrx_word' id='word_1_166' title='bbox 585 2203 690 2262; x_wconf 90' lang='lat' dir='ltr'><strong>Phoebi</strong></span> <span class='ocrx_word' id='word_1_167' title='bbox 702 2203 813 2262; x_wconf 86' lang='lat' dir='ltr'><strong>eortina</strong></span> <span class='ocrx_word' id='word_1_168' title='bbox 825 2203 935 2277; x_wconf 85' lang='lat' dir='ltr'><strong>fefellit,</strong></span> <span class='ocrx_word' id='word_1_169' title='bbox 967 2254 982 2260; x_wconf 92' lang='lat'><strong>..</strong></span> 
     </span>
     <span class='ocr_line' id='line_1_26' title="bbox 198 2282 917 2360; baseline 0.003 -19"><span class='ocrx_word' id='word_1_170' title='bbox 198 2283 268 2341; x_wconf 86' lang='lat' dir='ltr'><strong>Dux</strong></span> <span class='ocrx_word' id='word_1_171' title='bbox 280 2282 463 2354; x_wconf 82' lang='lat' dir='ltr'><strong>Anchisiada,</strong></span> <span class='ocrx_word' id='word_1_172' title='bbox 476 2302 529 2341; x_wconf 88' lang='lat' dir='ltr'><strong>nec</strong></span> <span class='ocrx_word' id='word_1_173' title='bbox 541 2302 588 2342; x_wconf 87' lang='lat' dir='ltr'><strong>me</strong></span> <span class='ocrx_word' id='word_1_174' title='bbox 601 2283 671 2341; x_wconf 90' lang='lat' dir='ltr'><strong>deus</strong></span> <span class='ocrx_word' id='word_1_175' title='bbox 684 2303 795 2360; x_wconf 85' lang='lat' dir='ltr'><strong>aequore</strong></span> <span class='ocrx_word' id='word_1_176' title='bbox 808 2284 917 2343; x_wconf 87' lang='lat' dir='ltr'><strong>mersit.</strong></span> 
     </span>
     <span class='ocr_line' id='line_1_27' title="bbox 197 2349 952 2440; baseline 0.001 -19"><span class='ocrx_word' id='word_1_177' title='bbox 197 2363 230 2421; x_wconf 89' lang='lat' dir='ltr'>N</span> <span class='ocrx_word' id='word_1_178' title='bbox 231 2382 332 2440; x_wconf 88' lang='lat' dir='ltr'><strong>amque</strong></span> <span class='ocrx_word' id='word_1_179' title='bbox 345 2362 550 2440; x_wconf 86' lang='lat' dir='ltr'><strong>gubernaclum</strong></span> <span class='ocrx_word' id='word_1_180' title='bbox 563 2349 658 2421; x_wconf 67' lang='lat' dir='ltr'><strong>multi</strong></span> <span class='ocrx_word' id='word_1_181' title='bbox 668 2362 699 2420; x_wconf 83' lang='lat' dir='ltr'><strong>vi</strong></span> <span class='ocrx_word' id='word_1_182' title='bbox 711 2363 786 2421; x_wconf 86' lang='lat' dir='ltr'><strong>forte</strong></span> <span class='ocrx_word' id='word_1_183' title='bbox 799 2364 952 2438; x_wconf 88' lang='lat' dir='ltr'><strong>revulsum,</strong></span> 
     </span>
     <span class='ocr_line' id='line_1_28' title="bbox 198 2441 946 2520; baseline 0.004 -21"><span class='ocrx_word' id='word_1_184' title='bbox 198 2442 253 2500; x_wconf 77' lang='lat' dir='ltr'><strong>Oui</strong></span> <span class='ocrx_word' id='word_1_185' title='bbox 267 2442 352 2500; x_wconf 85' lang='lat' dir='ltr'><strong>datus</strong></span> <span class='ocrx_word' id='word_1_186' title='bbox 365 2441 507 2500; x_wconf 70' lang='lat' dir='ltr'><strong>haerebam</strong></span> <span class='ocrx_word' id='word_1_187' title='bbox 519 2445 625 2515; x_wconf 87' lang='lat' dir='ltr'><strong>custos,</strong></span> <span class='ocrx_word' id='word_1_188' title='bbox 638 2462 791 2520; x_wconf 85' lang='lat' dir='ltr'><strong>cursusque</strong></span> <span class='ocrx_word' id='word_1_189' title='bbox 803 2444 946 2520; x_wconf 84' lang='lat' dir='ltr'><strong>regebam,</strong></span> 
     </span>
     <span class='ocr_line' id='line_1_29' title="bbox 198 2521 941 2602; baseline 0.003 -22"><span class='ocrx_word' id='word_1_190' title='bbox 198 2521 389 2599; x_wconf 86' lang='lat' dir='ltr'><strong>Praecipitans</strong></span> <span class='ocrx_word' id='word_1_191' title='bbox 401 2522 477 2580; x_wconf 84' lang='lat' dir='ltr'><strong>traxi</strong></span> <span class='ocrx_word' id='word_1_192' title='bbox 489 2543 611 2581; x_wconf 86' lang='lat' dir='ltr'><strong>mecum.</strong></span> <span class='ocrx_word' id='word_1_193' title='bbox 651 2522 748 2581; x_wconf 86' lang='lat' dir='ltr'><strong>Maria</strong></span> <span class='ocrx_word' id='word_1_194' title='bbox 760 2543 858 2600; x_wconf 88' lang='lat' dir='ltr'><strong>aspera</strong></span> <span class='ocrx_word' id='word_1_195' title='bbox 866 2524 941 2602; x_wconf 87' lang='lat' dir='ltr'><strong>juro,</strong></span> 
     </span>
     <span class='ocr_line' id='line_1_30' title="bbox 198 2601 900 2680; baseline 0.001 -20"><span class='ocrx_word' id='word_1_196' title='bbox 198 2603 268 2661; x_wconf 90' lang='lat' dir='ltr'><strong>Nou</strong></span> <span class='ocrx_word' id='word_1_197' title='bbox 281 2601 373 2659; x_wconf 93' lang='lat' dir='ltr'><strong>ullum</strong></span> <span class='ocrx_word' id='word_1_198' title='bbox 386 2621 437 2679; x_wconf 94' lang='lat' dir='ltr'><strong>pro</strong></span> <span class='ocrx_word' id='word_1_199' title='bbox 450 2621 497 2661; x_wconf 87' lang='lat' dir='ltr'><strong>me</strong></span> <span class='ocrx_word' id='word_1_200' title='bbox 510 2605 627 2660; x_wconf 91' lang='lat' dir='ltr'><strong>tantum</strong></span> <span class='ocrx_word' id='word_1_201' title='bbox 640 2602 745 2680; x_wconf 83' lang='lat' dir='ltr'><strong>cepisse</strong></span> <span class='ocrx_word' id='word_1_202' title='bbox 757 2603 900 2674; x_wconf 88' lang='lat' dir='ltr'><strong>timorem,</strong></span> 
     </span>
     <span class='ocr_line' id='line_1_31' title="bbox 198 2681 950 2761; baseline 0.003 -22"><span class='ocrx_word' id='word_1_203' title='bbox 198 2683 293 2755; x_wconf 79' lang='lat' dir='ltr'><strong>Quam</strong></span> <span class='ocrx_word' id='word_1_204' title='bbox 305 2685 358 2739; x_wconf 90' lang='lat' dir='ltr'><strong>tua</strong></span> <span class='ocrx_word' id='word_1_205' title='bbox 369 2701 415 2754; x_wconf 87' lang='lat' dir='ltr'><strong>ne,</strong></span> <span class='ocrx_word' id='word_1_206' title='bbox 428 2681 550 2759; x_wconf 88' lang='lat' dir='ltr'><strong>spoliata</strong></span> <span class='ocrx_word' id='word_1_207' title='bbox 564 2681 658 2754; x_wconf 85' lang='lat' dir='ltr'><strong>armis,</strong></span> <span class='ocrx_word' id='word_1_208' title='bbox 672 2701 789 2740; x_wconf 87' lang='lat' dir='ltr'><strong>excussa</strong></span> <span class='ocrx_word' id='word_1_209' title='bbox 801 2682 950 2761; x_wconf 87' lang='lat' dir='ltr'><strong>magistro,</strong></span> 
     </span>
     <span class='ocr_line' id='line_1_32' title="bbox 199 2761 845 2839; baseline 0 -19"><span class='ocrx_word' id='word_1_210' title='bbox 199 2762 344 2820; x_wconf 86' lang='lat' dir='ltr'><strong>Deficerat</strong></span> <span class='ocrx_word' id='word_1_211' title='bbox 356 2761 448 2820; x_wconf 87' lang='lat' dir='ltr'><strong>tantis</strong></span> <span class='ocrx_word' id='word_1_212' title='bbox 461 2761 542 2820; x_wconf 89' lang='lat' dir='ltr'><strong>navis</strong></span> <span class='ocrx_word' id='word_1_213' title='bbox 555 2761 738 2839; x_wconf 69' lang='lat' dir='ltr'><strong>surgentibus</strong></span> <span class='ocrx_word' id='word_1_214' title='bbox 751 2762 845 2820; x_wconf 86' lang='lat' dir='ltr'><strong>undis.</strong></span> 
     </span>
     <span class='ocr_line' id='line_1_33' title="bbox 202 2841 972 2919; baseline 0 -19"><span class='ocrx_word' id='word_1_215' title='bbox 202 2842 273 2900; x_wconf 84' lang='lat' dir='ltr'><strong>Tres</strong></span> <span class='ocrx_word' id='word_1_216' title='bbox 286 2844 374 2900; x_wconf 88' lang='lat' dir='ltr'><strong>notus</strong></span> <span class='ocrx_word' id='word_1_217' title='bbox 386 2841 519 2900; x_wconf 88' lang='lat' dir='ltr'><strong>hibernas</strong></span> <span class='ocrx_word' id='word_1_218' title='bbox 532 2841 673 2899; x_wconf 87' lang='lat' dir='ltr'><strong>immensa</strong></span> <span class='ocrx_word' id='word_1_219' title='bbox 684 2861 736 2919; x_wconf 87' lang='lat' dir='ltr'><strong>per</strong></span> <span class='ocrx_word' id='word_1_220' title='bbox 749 2861 861 2918; x_wconf 87' lang='lat' dir='ltr'><strong>aequora</strong></span> <span class='ocrx_word' id='word_1_221' title='bbox 873 2845 972 2900; x_wconf 90' lang='lat' dir='ltr'><strong>noctes</strong></span> 
     </span>
     <span class='ocr_line' id='line_1_34' title="bbox 198 2920 911 2999; baseline 0 -20"><span class='ocrx_word' id='word_1_222' title='bbox 198 2922 288 2980; x_wconf 72' lang='lat' dir='ltr'><strong>Venit</strong></span> <span class='ocrx_word' id='word_1_223' title='bbox 300 2940 347 2979; x_wconf 88' lang='lat' dir='ltr'><strong>me</strong></span> <span class='ocrx_word' id='word_1_224' title='bbox 360 2920 502 2979; x_wconf 87' lang='lat' dir='ltr'><strong>violentus</strong></span> <span class='ocrx_word' id='word_1_225' title='bbox 516 2941 605 2999; x_wconf 80' lang='lat' dir='ltr'><strong>aqua3</strong></span> <span class='ocrx_word' id='word_1_226' title='bbox 625 2921 674 2979; x_wconf 87' lang='lat' dir='ltr'><strong>vix</strong></span> <span class='ocrx_word' id='word_1_227' title='bbox 687 2920 795 2979; x_wconf 91' lang='lat' dir='ltr'><strong>lumine</strong></span> <span class='ocrx_word' id='word_1_228' title='bbox 809 2923 911 2998; x_wconf 87' lang='lat' dir='ltr'><strong>quarto</strong></span> 
     </span>
     <span class='ocr_line' id='line_1_35' title="bbox 199 2994 885 3078; baseline -0.003 -18"><span class='ocrx_word' id='word_1_229' title='bbox 199 3001 338 3078; x_wconf 85' lang='lat' dir='ltr'><strong>Prospexi</strong></span> <span class='ocrx_word' id='word_1_230' title='bbox 351 3000 469 3059; x_wconf 87' lang='lat' dir='ltr'><strong>Italiam</strong></span> <span class='ocrx_word' id='word_1_231' title='bbox 482 2994 595 3060; x_wconf 71' lang='lat' dir='ltr'><strong>summt</strong></span> <span class='ocrx_word' id='word_1_232' title='bbox 607 3001 736 3060; x_wconf 89' lang='lat' dir='ltr'><strong>sublimis</strong></span> <span class='ocrx_word' id='word_1_233' title='bbox 751 3002 786 3059; x_wconf 94' lang='lat' dir='ltr'><strong>ab</strong></span> <span class='ocrx_word' id='word_1_234' title='bbox 800 3000 885 3058; x_wconf 85' lang='lat' dir='ltr'><strong>unda.</strong></span> 
     </span>
     <span class='ocr_line' id='line_1_36' title="bbox 200 3081 940 3158; baseline -0.001 -20"><span class='ocrx_word' id='word_1_235' title='bbox 200 3081 347 3139; x_wconf 87' lang='lat' dir='ltr'><strong>Paulatim</strong></span> <span class='ocrx_word' id='word_1_236' title='bbox 360 3081 500 3139; x_wconf 87' lang='lat' dir='ltr'><strong>adnabam</strong></span> <span class='ocrx_word' id='word_1_237' title='bbox 512 3084 616 3139; x_wconf 87' lang='lat' dir='ltr'><strong>terrae:</strong></span> <span class='ocrx_word' id='word_1_238' title='bbox 633 3081 696 3158; x_wconf 88' lang='lat' dir='ltr'><strong>jam</strong></span> <span class='ocrx_word' id='word_1_239' title='bbox 708 3083 776 3139; x_wconf 87' lang='lat' dir='ltr'><strong>tuta</strong></span> <span class='ocrx_word' id='word_1_240' title='bbox 787 3081 921 3138; x_wconf 87' lang='lat' dir='ltr'><strong>tenebam</strong></span> <span class='ocrx_word' id='word_1_241' title='bbox 933 3103 940 3151; x_wconf 91' lang='lat'>;</span> 
     </span>
     <span class='ocr_line' id='line_1_37' title="bbox 199 3159 934 3238; baseline -0.003 -19"><span class='ocrx_word' id='word_1_242' title='bbox 199 3161 243 3219; x_wconf 87' lang='lat' dir='ltr'><strong>Ni</strong></span> <span class='ocrx_word' id='word_1_243' title='bbox 256 3180 326 3237; x_wconf 87' lang='lat' dir='ltr'><strong>gens</strong></span> <span class='ocrx_word' id='word_1_244' title='bbox 340 3159 460 3219; x_wconf 88' lang='lat' dir='ltr'><strong>crudelis</strong></span> <span class='ocrx_word' id='word_1_245' title='bbox 474 3161 589 3219; x_wconf 86' lang='lat' dir='ltr'><strong>madida</strong></span> <span class='ocrx_word' id='word_1_246' title='bbox 601 3180 667 3218; x_wconf 90' lang='lat' dir='ltr'><strong>cum</strong></span> <span class='ocrx_word' id='word_1_247' title='bbox 679 3163 760 3219; x_wconf 88' lang='lat' dir='ltr'><strong>veste</strong></span> <span class='ocrx_word' id='word_1_248' title='bbox 773 3163 934 3238; x_wconf 87' lang='lat' dir='ltr'><strong>gravatum,</strong></span> 
     </span>
     <span class='ocr_line' id='line_1_38' title="bbox 200 3238 1032 3318; baseline -0.004 -19"><span class='ocrx_word' id='word_1_249' title='bbox 200 3241 444 3317; x_wconf 89' lang='lat' dir='ltr'><strong>Prensantemque</strong></span> <span class='ocrx_word' id='word_1_250' title='bbox 457 3240 538 3298; x_wconf 87' lang='lat' dir='ltr'><strong>uncis</strong></span> <span class='ocrx_word' id='word_1_251' title='bbox 550 3240 682 3298; x_wconf 86' lang='lat' dir='ltr'><strong>manibus</strong></span> <span class='ocrx_word' id='word_1_252' title='bbox 696 3240 791 3318; x_wconf 86' lang='lat' dir='ltr'><strong>capita</strong></span> <span class='ocrx_word' id='word_1_253' title='bbox 803 3260 902 3317; x_wconf 85' lang='lat' dir='ltr'><strong>aspera</strong></span> <span class='ocrx_word' id='word_1_254' title='bbox 915 3238 1032 3311; x_wconf 89' lang='lat' dir='ltr'><strong>montis,</strong></span> 
     </span>
     <span class='ocr_line' id='line_1_39' title="bbox 200 3319 920 3398; baseline -0.003 -20"><span class='ocrx_word' id='word_1_255' title='bbox 200 3320 290 3379; x_wconf 85' lang='lat' dir='ltr'><strong>Ferro</strong></span> <span class='ocrx_word' id='word_1_256' title='bbox 303 3319 461 3392; x_wconf 84' lang='lat' dir='ltr'><strong>invasisset,</strong></span> <span class='ocrx_word' id='word_1_257' title='bbox 474 3321 656 3398; x_wconf 84' lang='lat' dir='ltr'><strong>praedamque</strong></span> <span class='ocrx_word' id='word_1_258' title='bbox 668 3320 769 3397; x_wconf 83' lang='lat' dir='ltr'><strong>ignara</strong></span> <span class='ocrx_word' id='word_1_259' title='bbox 780 3323 920 3397; x_wconf 87' lang='lat' dir='ltr'><strong>putasset.</strong></span> 
     </span>
     <span class='ocr_line' id='line_1_40' title="bbox 199 3397 1081 3476; baseline -0.002 -18"><span class='ocrx_word' id='word_1_260' title='bbox 199 3400 288 3458; x_wconf 87' lang='lat' dir='ltr'><strong>Nunc</strong></span> <span class='ocrx_word' id='word_1_261' title='bbox 301 3419 348 3458; x_wconf 92' lang='lat' dir='ltr'><strong>me</strong></span> <span class='ocrx_word' id='word_1_262' title='bbox 361 3399 466 3458; x_wconf 88' lang='lat' dir='ltr'><strong>fluctus</strong></span> <span class='ocrx_word' id='word_1_263' title='bbox 479 3399 575 3472; x_wconf 87' lang='lat' dir='ltr'><strong>habet,</strong></span> <span class='ocrx_word' id='word_1_264' title='bbox 588 3402 760 3476; x_wconf 85' lang='lat' dir='ltr'><strong>versantque</strong></span> <span class='ocrx_word' id='word_1_265' title='bbox 772 3399 804 3457; x_wconf 90' lang='lat' dir='ltr'><strong>in</strong></span> <span class='ocrx_word' id='word_1_266' title='bbox 816 3399 900 3458; x_wconf 88' lang='lat' dir='ltr'><strong>litore</strong></span> <span class='ocrx_word' id='word_1_267' title='bbox 913 3397 1002 3457; x_wconf 88' lang='lat' dir='ltr'><strong>venti.</strong></span> <span class='ocrx_word' id='word_1_268' title='bbox 1078 3469 1081 3475; x_wconf 67' lang='lat'>,</span> 
     </span>
     <span class='ocr_line' id='line_1_41' title="bbox 200 3479 1068 3557; baseline -0.001 -19"><span class='ocrx_word' id='word_1_269' title='bbox 200 3479 286 3552; x_wconf 82' lang='lat' dir='ltr'><strong>Quod</strong></span> <span class='ocrx_word' id='word_1_270' title='bbox 297 3482 328 3538; x_wconf 90' lang='lat' dir='ltr'><strong>te</strong></span> <span class='ocrx_word' id='word_1_271' title='bbox 341 3500 392 3557; x_wconf 91' lang='lat' dir='ltr'><strong>per</strong></span> <span class='ocrx_word' id='word_1_272' title='bbox 404 3479 470 3539; x_wconf 88' lang='lat' dir='ltr'><strong>coeli</strong></span> <span class='ocrx_word' id='word_1_273' title='bbox 477 3479 639 3557; x_wconf 86' lang='lat' dir='ltr'><strong>jucundum</strong></span> <span class='ocrx_word' id='word_1_274' title='bbox 650 3480 749 3537; x_wconf 91' lang='lat' dir='ltr'><strong>lumen</strong></span> <span class='ocrx_word' id='word_1_275' title='bbox 761 3482 791 3538; x_wconf 92' lang='lat' dir='ltr'><strong>et</strong></span> <span class='ocrx_word' id='word_1_276' title='bbox 805 3499 895 3552; x_wconf 85' lang='lat' dir='ltr'><strong>auras,</strong></span> <span class='ocrx_word' id='word_1_277' title='bbox 981 3508 1001 3523; x_wconf 87' lang='lat'><strong>··</strong></span> <span class='ocrx_word' id='word_1_278' title='bbox 1023 3514 1028 3525; x_wconf 83' lang='lat'><strong>·</strong></span> <span class='ocrx_word' id='word_1_279' title='bbox 1061 3498 1068 3517; x_wconf 91' lang='lat'><strong>··</strong></span> 
     </span>
     <span class='ocr_line' id='line_1_42' title="bbox 200 3558 890 3637; baseline -0.001 -19"><span class='ocrx_word' id='word_1_280' title='bbox 200 3559 258 3619; x_wconf 88' lang='lat' dir='ltr'><strong>Per</strong></span> <span class='ocrx_word' id='word_1_281' title='bbox 270 3560 432 3637; x_wconf 85' lang='lat' dir='ltr'><strong>genitorem</strong></span> <span class='ocrx_word' id='word_1_282' title='bbox 445 3579 503 3631; x_wconf 89' lang='lat' dir='ltr'><strong>oro,</strong></span> <span class='ocrx_word' id='word_1_283' title='bbox 516 3580 567 3637; x_wconf 91' lang='lat' dir='ltr'><strong>per</strong></span> <span class='ocrx_word' id='word_1_284' title='bbox 580 3580 643 3636; x_wconf 90' lang='lat' dir='ltr'><strong>spes</strong></span> <span class='ocrx_word' id='word_1_285' title='bbox 657 3559 802 3636; x_wconf 89' lang='lat' dir='ltr'><strong>surgentis</strong></span> <span class='ocrx_word' id='word_1_286' title='bbox 816 3558 890 3617; x_wconf 88' lang='lat' dir='ltr'><strong>Iuli:</strong></span> 
     </span>
     <span class='ocr_line' id='line_1_43' title="bbox 200 3638 981 3717; baseline -0.003 -20"><span class='ocrx_word' id='word_1_287' title='bbox 200 3639 290 3717; x_wconf 78' lang='lat' dir='ltr'><strong>Eripe</strong></span> <span class='ocrx_word' id='word_1_288' title='bbox 303 3659 350 3698; x_wconf 92' lang='lat' dir='ltr'><strong>me</strong></span> <span class='ocrx_word' id='word_1_289' title='bbox 362 3639 417 3711; x_wconf 85' lang='lat' dir='ltr'><strong>his,</strong></span> <span class='ocrx_word' id='word_1_290' title='bbox 430 3639 545 3712; x_wconf 86' lang='lat' dir='ltr'><strong>invicte,</strong></span> <span class='ocrx_word' id='word_1_291' title='bbox 558 3639 657 3712; x_wconf 82' lang='lat' dir='ltr'><strong>malis3</strong></span> <span class='ocrx_word' id='word_1_292' title='bbox 677 3642 728 3697; x_wconf 84' lang='lat' dir='ltr'><strong>aut</strong></span> <span class='ocrx_word' id='word_1_293' title='bbox 741 3642 777 3697; x_wconf 92' lang='lat' dir='ltr'><strong>tu</strong></span> <span class='ocrx_word' id='word_1_294' title='bbox 789 3638 861 3697; x_wconf 89' lang='lat' dir='ltr'><strong>mihi</strong></span> <span class='ocrx_word' id='word_1_295' title='bbox 874 3642 981 3697; x_wconf 88' lang='lat' dir='ltr'><strong>terram</strong></span> 
     </span>
     <span class='ocr_line' id='line_1_44' title="bbox 200 3717 1092 3798; baseline -0.001 -21"><span class='ocrx_word' id='word_1_296' title='bbox 200 3718 301 3798; x_wconf 86' lang='lat' dir='ltr'><strong>Injioe,</strong></span> <span class='ocrx_word' id='word_1_297' title='bbox 315 3739 438 3797; x_wconf 86' lang='lat' dir='ltr'><strong>namque</strong></span> <span class='ocrx_word' id='word_1_298' title='bbox 450 3723 541 3797; x_wconf 86' lang='lat' dir='ltr'><strong>potes,</strong></span> <span class='ocrx_word' id='word_1_299' title='bbox 554 3723 710 3797; x_wconf 88' lang='lat' dir='ltr'><strong>portusque</strong></span> <span class='ocrx_word' id='word_1_300' title='bbox 723 3717 834 3797; x_wconf 90' lang='lat' dir='ltr'><strong>require</strong></span> <span class='ocrx_word' id='word_1_301' title='bbox 847 3718 981 3791; x_wconf 85' lang='lat' dir='ltr'><strong>Velinos3</strong></span> <span class='ocrx_word' id='word_1_302' title='bbox 1032 3739 1039 3751; x_wconf 81' lang='lat'><em>·</em></span> <span class='ocrx_word' id='word_1_303' title='bbox 1087 3723 1092 3733; x_wconf 86' lang='lat'>&#39;</span> 
     </span>
     <span class='ocr_line' id='line_1_45' title="bbox 199 3797 972 3877; baseline -0.001 -21"><span class='ocrx_word' id='word_1_304' title='bbox 199 3799 264 3858; x_wconf 85' lang='lat' dir='ltr'><strong>Aut</strong></span> <span class='ocrx_word' id='word_1_305' title='bbox 277 3802 321 3872; x_wconf 91' lang='lat' dir='ltr'><strong>tu,</strong></span> <span class='ocrx_word' id='word_1_306' title='bbox 335 3799 359 3857; x_wconf 88' lang='lat' dir='ltr'><strong>si</strong></span> <span class='ocrx_word' id='word_1_307' title='bbox 372 3819 429 3877; x_wconf 86' lang='lat' dir='ltr'><strong>qua</strong></span> <span class='ocrx_word' id='word_1_308' title='bbox 440 3799 487 3858; x_wconf 86' lang='lat' dir='ltr'><strong>via</strong></span> <span class='ocrx_word' id='word_1_309' title='bbox 499 3803 552 3873; x_wconf 88' lang='lat' dir='ltr'><strong>est,</strong></span> <span class='ocrx_word' id='word_1_310' title='bbox 567 3799 592 3858; x_wconf 90' lang='lat' dir='ltr'><strong>si</strong></span> <span class='ocrx_word' id='word_1_311' title='bbox 604 3819 691 3876; x_wconf 89' lang='lat' dir='ltr'><strong>quam</strong></span> <span class='ocrx_word' id='word_1_312' title='bbox 703 3798 760 3857; x_wconf 91' lang='lat' dir='ltr'><strong>tibi</strong></span> <span class='ocrx_word' id='word_1_313' title='bbox 771 3798 838 3857; x_wconf 86' lang='lat' dir='ltr'><strong>diva</strong></span> <span class='ocrx_word' id='word_1_314' title='bbox 851 3797 972 3856; x_wconf 78' lang='lat' dir='ltr'><strong>creatrix</strong></span> 
     </span>
     <span class='ocr_line' id='line_1_46' title="bbox 200 3877 1001 3957; baseline -0.005 -19"><span class='ocrx_word' id='word_1_315' title='bbox 200 3878 478 3957; x_wconf 70' lang='lat' dir='ltr'><strong>Ostendit—neque</strong></span> <span class='ocrx_word' id='word_1_316' title='bbox 491 3879 577 3952; x_wconf 91' lang='lat' dir='ltr'><strong>enim,</strong></span> <span class='ocrx_word' id='word_1_317' title='bbox 591 3879 684 3952; x_wconf 88' lang='lat' dir='ltr'><strong>credo,</strong></span> <span class='ocrx_word' id='word_1_318' title='bbox 698 3877 759 3938; x_wconf 87' lang='lat' dir='ltr'><strong>sine</strong></span> <span class='ocrx_word' id='word_1_319' title='bbox 771 3877 889 3937; x_wconf 88' lang='lat' dir='ltr'><strong>numine</strong></span> <span class='ocrx_word' id='word_1_320' title='bbox 901 3877 1001 3935; x_wconf 88' lang='lat' dir='ltr'><strong>divum</strong></span> 
     </span>
     <span class='ocr_line' id='line_1_47' title="bbox 200 3956 1026 4038; baseline -0.004 -21"><span class='ocrx_word' id='word_1_321' title='bbox 200 3957 338 4018; x_wconf 81' lang='lat' dir='ltr'><strong>Flumina</strong></span> <span class='ocrx_word' id='word_1_322' title='bbox 349 3961 434 4018; x_wconf 86' lang='lat' dir='ltr'><strong>tanta</strong></span> <span class='ocrx_word' id='word_1_323' title='bbox 445 3979 528 4038; x_wconf 87' lang='lat' dir='ltr'><strong>paras</strong></span> <span class='ocrx_word' id='word_1_324' title='bbox 541 3959 730 4038; x_wconf 78' lang='lat' dir='ltr'><strong>Stygiamque</strong></span> <span class='ocrx_word' id='word_1_325' title='bbox 742 3958 841 4017; x_wconf 77' lang='lat' dir='ltr'><strong>innare</strong></span> <span class='ocrx_word' id='word_1_326' title='bbox 853 3956 1026 4036; x_wconf 83' lang='lat' dir='ltr'><strong>paludem-</strong></span> 
     </span>
    </p>
   </div>
   <div class='ocr_carea' id='block_1_6' title="bbox 0 0 1267 4298">
    <p class='ocr_par' dir='ltr' id='par_1_6' title="bbox 0 0 1267 4298">
     <span class='ocr_line' id='line_1_48' title="bbox 0 0 1267 4298; baseline 0 0"><span class='ocrx_word' id='word_1_327' title='bbox 0 0 1267 4298; x_wconf 95' lang='lat' dir='ltr'><strong> </strong></span> 
     </span>
    </p>
   </div>
  </div>
 </body>
</html>
