2506 4298
144 235 203 293 302
449 245 786 291 1³.v[1sem11mon1s

144 391 249 464 Imma,
262 390 313 450 nbi
326 390 466 450 defimctae
478 390 566 450 finem
578 392 734 468 portusque
746 392 887 451 tenebunt

144 471 286 530 Ausonios
300 470 377 543 olim,
391 490 575 548 quacumque
588 469 709 529 evaserit
721 471 806 529 undis

145 551 378 628 Dardaniumque
392 550 494 609 ducem
508 550 665 608 Laurentia
675 550 785 609 vexerit
799 570 874 624 arra,

145 630 301 690 Mortalem
314 630 431 708 eripiam
443 630 573 701 formam,
586 630 740 707 magnique
748 630 855 708 jubebo

145 710 279 788 AEquoris
294 730 354 769 esse
367 710 449 768 dees:
470 710 561 787 qualis
574 709 680 768 Nereia
692 710 773 768 Doto

145 789 188 848 Et
202 790 322 849 Galatea
335 791 432 848 secant
445 792 626 867 spumantem
638 793 752 866 pectore
765 790 916 867 pontum.’‘

145 869 282 928 Dixerat:
301 869 387 946 idque
400 872 496 927 ratum
509 868 606 946 Stygii
618 888 669 946 per
680 869 799 927 fiumina
811 870 916 943 fratris,

145 947 203 1008 Per
215 950 277 1029 pice
289 952 430 1007 torrentes
444 940 561 1026 atrique
573 948 708 1026 voragine
721 949 797 1027 ripas

145 1028 267 1101 Annuit,
281 1031 311 1087 et
323 1030 421 1087 totum
433 1031 507 1086 nutu
520 1028 680 1086 tremefecit
694 1028 860 1107 Olympum.

185 1108 266 1185 Ergo
280 1108 377 1166 aderat
389 1107 528 1186 promissa
540 1106 608 1178 dies,
622 1111 652 1166 et
665 1111 795 1186 tempora
808 1108 905 1167 Parcae

146 1187 253 1246 Debita
266 1188 456 1264 complerant3
477 1207 566 1265 quum
579 1187 670 1245 Turni
682 1188 786 1266 injuria
799 1189 926 1248 Matrem

145 1267 314 1338 Admonuit,
327 1267 436 1325 ratibus
450 1267 535 1325 sacris
548 1267 687 1344 depellere
699 1268 799 1326 taedas.

146 1346 206 1405 Hic
219 1347 344 1424 primurn
357 1366 432 1405 nova
443 1347 493 1405 lux
506 1347 594 1405 oculis
608 1347 725 1419 offulsit,
739 1353 769 1406 et
781 1347 883 1425 ingens

145 1425 232 1484 Visus
245 1427 281 1486 ab
294 1427 405 1484 Aurora
418 1426 522 1485 coelum
534 1429 725 1485 transcurrere
738 1426 862 1501 nimbus,

146 1505 272 1583 Idaeique
285 1506 380 1564 chori:
400 1509 466 1564 tum
478 1526 534 1564 vox
546 1506 688 1565 horrenda
699 1526 750 1584 per
762 1526 845 1565 auras

146 1585 271 1658 Excidit,
285 1594 313 1644 et
326 1586 434 1644 Troum
447 1585 679 1663 Rutulorumque
692 1586 808 1662 agmina
820 1587 959 1664 complet:

146 1669 163 1697 “
174 1666 221 1724 Ne
234 1665 374 1742 trepidate
387 1685 473 1737 meas,
487 1665 598 1737 Teucri,
612 1666 759 1724 defendere
772 1686 875 1739 naves;

145 1745 227 1804 Neve
241 1748 349 1804 armate
362 1765 478 1803 manus:
499 1745 589 1803 maria
601 1748 669 1803 ente
682 1765 796 1804 exurere
810 1746 907 1805 Turno

145 1825 239 1896 Quam
252 1845 344 1883 sacras
358 1825 472 1883 dabitur
483 1825 578 1901 pinus.
618 1825 678 1883 Vos
691 1825 732 1882 ite
746 1825 853 1898 solutae,

145 1903 203 1976 Ite,
216 1905 274 1963 deae
287 1904 397 1982 pelagi3
417 1904 548 1983 genetrix
556 1903 669 1982 jubet.’‘
712 1905 753 1962 Ilt
767 1925 819 1963 sua
831 1926 947 1983 quaeque

146 1983 291 2042 Continuo
304 2004 412 2062 puppes
425 1984 600 2061 abrumpunt
612 1983 727 2042 vincula
738 1984 816 2063 ripis,

145 2064 377 2140 Delphinumque
390 2064 475 2122 modo
489 2064 622 2121 demersis
636 2084 748 2140 aequora
760 2064 861 2124 rostris

146 2141 212 2201 Ima
223 2147 336 2221 petunt.
377 2144 456 2201 Hinc
469 2144 612 2221 virgineae,
625 2143 754 2201 mirabile
766 2147 936 2216 monstrum,

148 2222 241 2298 [Quot
253 2224 331 2300 prius
345 2226 437 2280 aeratae
451 2226 592 2281 steterant
605 2222 641 2280 ad
654 2223 740 2301 litora
751 2223 867 2300 prorae,]

145 2301 285 2360 Reddunt
298 2322 328 2360 se
341 2302 465 2360 totidem
477 2303 570 2373 facies,
584 2305 729 2379 pontoque
742 2303 881 2362 feruntur.

186 2382 365 2459 Obstupuere
378 2382 479 2439 animis
494 2381 615 2453 Rutuli;
635 2384 807 2441 conterritus
819 2384 880 2460 ipse

145 2461 280 2520 Turbatis
294 2461 443 2538 Messapus
457 2461 553 2538 equis,
573 2465 726 2520 cunctatur
739 2466 769 2521 et
783 2464 874 2522 amnis

145 2540 244 2600 Rauca
257 2561 368 2611 sonans,
382 2544 551 2618 revocatque
563 2541 666 2618 pedem
679 2541 829 2600 Tiberinus
842 2543 878 2601 ab
892 2542 959 2601 alto.

145 2622 188 2678 At
202 2642 259 2680 non
273 2620 372 2679 audaci
385 2621 469 2679 cessit
482 2621 587 2678 fiducia
600 2621 714 2694 Tum03

145 2700 232 2759 Ultro
246 2701 354 2759 animos
367 2700 446 2758 tollit
460 2700 552 2771 dictis,
566 2703 652 2777 atque
664 2700 792 2777 increpat
805 2701 898 2760 ultro:

145 2785 162 2812 “
174 2781 310 2858 Trojanos
323 2780 384 2838 haec
397 2783 526 2838 monstra
538 2782 659 2857 petunt;
680 2781 725 2838 his
738 2780 855 2858 Jupiter
866 2781 927 2859 ipse

144 2862 293 2919 Auxilium
307 2861 424 2918 solitum
437 2859 557 2937 eripuit3
578 2880 636 2918 non
649 2860 715 2931 tela,
729 2880 781 2918 nec
794 2860 875 2938 ignes

145 2940 322 3018 Exspectant
336 2939 470 2998 Rutulos.
511 2940 591 3016 Ergo
603 2938 693 2997 maria
705 2940 783 2998 invia
796 2940 920 3010 Teucris,

144 3021 207 3079 Neo
221 3042 284 3098 spes
298 3021 356 3077 ulla
368 3020 460 3096 fugae3
480 3038 575 3077 rerum
588 3039 653 3095 pers
667 3020 756 3077 altera
769 3020 884 3078 ademta
896 3023 949 3078 est.

144 3100 232 3159 Terra
245 3103 341 3158 autern
355 3098 386 3156 in
399 3100 504 3158 nostris
517 3099 664 3156 menibus:
685 3102 732 3156 tot
745 3099 842 3171 millia,
856 3105 956 3178 gentes

143 3181 233 3238 Arma
247 3181 342 3238 fenmt
357 3178 450 3236 Italae.
491 3179 533 3235 Ni
546 3198 592 3236 me
605 3178 705 3236 fetalia
716 3180 835 3251 terrent,

144 3259 175 3317 Si
189 3280 245 3336 qua
257 3259 388 3337 Phryges
402 3278 459 3334 prae
473 3278 503 3316 se
512 3258 634 3335 jactant,
648 3277 782 3335 responsa
795 3259 924 3317 deorum.

144 3339 196 3397 Set
209 3340 275 3397 fetis
289 3338 447 3414 Venerique
461 3338 570 3410 datum,
584 3338 706 3416 tetigere
719 3339 795 3415 quod
809 3355 876 3397 arva

144 3419 261 3477 Fertilis
275 3418 409 3476 Ausoniae
422 3417 521 3475 Troes.
563 3417 638 3476 Sunt
652 3422 682 3475 et
695 3438 758 3476 mea
772 3421 872 3476 contra

144 3498 220 3556 Fata
232 3498 312 3569 mihi,
326 3498 399 3556 ferro
414 3497 579 3554 sceleratam
592 3498 753 3556 exscindere
765 3502 891 3575 gentem,

143 3578 272 3655 Oonjuge
285 3580 439 3654 praerepta3
459 3597 511 3635 neo
525 3577 599 3635 solos
613 3577 710 3654 tangit
724 3577 841 3635 Atridas

143 3658 205 3716 Iste
219 3657 307 3728 dolor,
322 3657 443 3732 solisque
455 3656 523 3714 licet
537 3677 635 3734 capere
648 3677 726 3715 arma
740 3657 881 3734 Mycenis.

142 3737 198 3796 Sed
211 3736 311 3814 periise
324 3736 410 3795 semel
423 3736 493 3794 satis
507 3739 560 3794 est.
601 3736 722 3795 Peccare
735 3737 836 3796 fuisset

142 3819 221 3876 Ante
235 3817 312 3888 satis,
326 3815 440 3893 penitus
453 3816 538 3874 modo
551 3837 610 3874 non
623 3836 713 3893 genus
726 3836 811 3875 omne
824 3835 939 3893 perosos

142 3896 321 3956 Femineum.
364 3895 473 3967 Quibus
487 3897 547 3955 haec
560 3896 647 3954 medii
660 3896 764 3955 fiducia
775 3896 854 3970 valli,

47 4042 54 4051 θ
142 3977 351 4054 Fossemmque
363 3994 460 4049 moroe,
472 3975 525 4034 leti
537 3975 700 4035 discrimina
712 3996 808 4054 parve,
