2506 4298
142 210 202 268 312
448 222 785 266 1.1116111111110116

180 364 311 426 Victores
325 340 422 443 praedii
434 364 541 422 Rutuli
554 364 705 443 spohisque
718 364 814 443 potiti,

143 446 326 504 Volscentern
340 445 502 504 exanimum
515 445 616 503 flentes
628 445 659 502 in
673 449 765 503 castra
777 445 916 505 ferebant.

142 526 206 584 Nec
219 525 313 584 minor
324 525 356 582 in
369 523 469 583 castris
482 524 585 596 luctus,
600 524 763 583 Rhamnete
776 528 890 602 reperto

143 604 300 682 Exsangui,
314 607 344 663 et
357 602 455 681 primis
467 624 526 662 una
538 607 585 662 tot
599 604 677 663 oaede
689 605 834 681 peremtis,

144 685 319 760 Serranoque
333 684 494 760 Numaque.
536 684 643 760 Ingens
657 703 810 767 concursus
823 685 860 743 ad
872 685 934 763 ipsa

144 763 277 841 Corpora,
290 763 496 839 seminecesque
509 763 593 834 viros,
608 763 758 841 topida‘que
770 768 913 823 recentem

145 842 231 901 (lade
243 843 346 915 locum,
359 845 389 900 et
402 842 499 919 plenos
513 843 659 920 spumanti
671 844 808 920 sanguine
821 845 906 903 rivos.

145 924 315 1000 Agnoscunt
328 922 417 999 spoha
429 923 505 980 inter
518 942 556 993 se,
570 923 736 999 galeamque
749 923 892 983 nitentem

144 1001 279 1079 Messapi,
293 1005 323 1061 et
336 1001 428 1059 multo
441 1001 570 1079 phaleras
583 1002 684 1060 sudore
697 1005 833 1080 receptas.

183 1082 226 1140 Et
234 1082 295 1160 jam
308 1080 400 1158 prima
412 1101 486 1139 novo
500 1081 651 1159 spargebat
663 1082 772 1141 lumine
784 1085 875 1142 terras

143 1160 264 1220 Tithoni
277 1180 407 1220 croceum
419 1160 549 1237 hnquens
562 1161 675 1219 Aurora
687 1161 796 1222 cubile:

142 1241 164 1298 J
165 1262 212 1299 arn
225 1241 282 1299 sole
295 1240 397 1312 infuso,
406 1240 469 1318 jam
481 1241 564 1299 rebus
578 1240 640 1299 luce
653 1241 778 1313 retectis,

142 1321 256 1379 Turnus
269 1320 300 1377 in
313 1339 393 1378 arma
404 1320 488 1392 viros,
503 1320 588 1378 armis
601 1320 793 1379 circumdatus
805 1321 875 1399 ipse,

143 1400 286 1473 Suscitat;
305 1402 461 1475 aeratasque
475 1400 547 1458 acies
560 1400 590 1457 in
603 1400 710 1477 proelia
723 1401 802 1478 cogit

143 1479 268 1556 Quisque
281 1499 355 1551 suas,
367 1479 507 1556 variisque
521 1483 627 1538 acuunt
641 1480 801 1538 rumoribus
813 1480 878 1539 iras.

143 1560 219 1631 Quin
232 1559 294 1637 ipsa
306 1559 430 1631 arrectis,
443 1559 507 1616 visu
519 1559 687 1631 miserabile,
699 1560 731 1617 in
743 1560 835 1618 hastis

143 1639 303 1717 Praefigunt
316 1638 418 1715 capita,
432 1642 462 1698 et
476 1639 567 1697 multo
581 1639 704 1699 clamore
717 1643 885 1717 sequuntur,

143 1718 264 1797 Euryali
277 1721 307 1778 et
320 1717 395 1776 Nisi.

144 1799 278 1858 lEneadae
291 1798 355 1856 duri
367 1817 514 1856 murorum
528 1797 558 1855 in
572 1800 653 1874 parte
666 1798 782 1856 sinistra

143 1879 305 1956 Opposuere
319 1878 415 1950 aciem,
428 1897 497 1935 nam
509 1878 625 1936 dextera
638 1878 764 1956 cingitur
776 1877 862 1950 amni,

143 1959 336 2036 Ingentesque
349 1961 450 2016 tenent
463 1958 560 2028 fossas,
574 1961 604 2015 et
617 1959 744 2016 turribus
757 1957 823 2016 altis

143 2038 230 2096 Stant
243 2037 353 2096 maesti:
374 2037 459 2112 simul
473 2057 522 2095 ora
534 2037 629 2094 virum
640 2038 757 2114 praefixa
770 2037 933 2108 movebant,

143 2118 225 2176 Nota
236 2117 321 2175 nimis
334 2117 451 2188 miseris,
466 2120 584 2193 atroque
596 2117 716 2175 fluentia
727 2118 805 2175 tabo.

184 2197 299 2255 Interea
311 2197 443 2274 pavidam
457 2196 579 2254 voHtans
593 2200 718 2272 pennata
729 2218 780 2274 per
792 2197 892 2254 urbem

143 2277 174 2334 N
175 2277 258 2335 uncia
273 2277 363 2334 Fama
375 2276 443 2345 ruit,
457 2277 612 2352 matrisque
626 2276 759 2334 allabitur
772 2296 852 2334 aures

143 2356 272 2434 Euryali.
312 2356 355 2413 At
368 2356 479 2413 subitus
493 2356 601 2413 miserae
615 2355 691 2414 calor
704 2376 767 2414 ossa
779 2355 910 2433 reliquit:

144 2436 265 2493 Excussi
278 2434 408 2493 manibus
421 2435 501 2506 radii,
514 2436 698 2512 revolutaque
710 2456 806 2512 pensa.

26 2514 29 2527 ²
143 2515 249 2573 Evolat
262 2514 368 2586 infelix,
383 2517 412 2572 et
426 2515 546 2573 femineo
560 2515 680 2588 ululatu,

143 2594 235 2654 Scissa
248 2615 366 2666 comam,
379 2615 476 2652 muros
490 2614 585 2653 amens
600 2599 686 2671 atque
699 2595 814 2672 agmina
827 2614 911 2653 cursu

144 2675 242 2733 Prima
254 2675 345 2752 petit:
366 2695 424 2732 non
437 2674 486 2732 illa
498 2675 600 2746 virum,
614 2696 673 2733 non
686 2675 735 2732 illa
747 2673 854 2752 pericli,

143 2754 333 2831 Telorumque
345 2774 469 2813 memor:
491 2754 594 2812 eoelum
607 2755 710 2812 dehine
723 2755 870 2832 questibus
883 2751 1000 2829 implet:

143 2840 159 2865 “
169 2835 257 2893 Hunc
271 2855 324 2912 ego
337 2838 376 2906 te,
390 2834 524 2911 Euryale,
537 2833 666 2911 aspicio?
686 2838 757 2892 tune
770 2834 819 2892 illa
832 2835 951 2892 senectae

144 2915 211 2972 Sera
224 2935 293 2972 meae
306 2912 424 2991 requies,
437 2914 558 2990 potuisti
570 2914 697 2989 linquere
710 2915 808 2985 solam,

143 2994 297 3053 Crudelis?
317 3014 368 3052 neo
381 2996 420 3065 te,
435 2995 487 3051 sub
500 2997 584 3051 tanta
596 2994 719 3071 pericula
731 2994 859 3065 missum,

143 3074 234 3132 Affari
248 3077 406 3132 extremum
419 3074 528 3131 miserae
541 3074 609 3130 data
622 3073 702 3150 copia
715 3072 825 3132 matri?

144 3155 222 3223 Heu,
235 3158 312 3211 terra
324 3153 424 3230 ignota
437 3153 553 3210 canibus
567 3153 633 3210 date
646 3153 741 3230 praeda
754 3152 867 3211 Latinis

144 3233 325 3310 Alitibusque
334 3233 428 3310 jaces!
449 3252 500 3290 nec
513 3236 544 3291 16
557 3235 609 3290 tua
622 3233 722 3291 funera
734 3235 828 3291 mater

145 3312 280 3384 Produxi,
294 3312 417 3389 pressive
431 3313 534 3384 oculos,
549 3315 599 3370 aut
612 3313 730 3371 vulnera
742 3312 807 3383 lavi,

144 3393 232 3450 Veste
245 3395 345 3469 tegens
356 3416 362 3463 ;
382 3391 437 3449 tibi
451 3412 537 3469 quam
550 3395 648 3450 noctes
662 3392 768 3450 festina
780 3392 894 3468 diesque

145 3471 300 3548 Urgebam‚
315 3475 344 3529 et
358 3464 416 3529 tel'ai
429 3491 509 3529 curas
523 3472 633 3530 solabar
647 3472 743 3530 aniles.

144 3552 208 3623 Quo
221 3550 344 3626 sequar?
364 3554 415 3608 aut
428 3571 490 3627 quae
504 3572 579 3609 nuno
592 3554 680 3623 artus,
694 3551 845 3628 avulsaque
857 3549 993 3621 membra,

144 3633 187 3690 Et
200 3631 285 3688 funus
298 3631 422 3688 lacerum
434 3631 519 3688 tellus
532 3631 644 3690 habet?
664 3631 719 3689 hoc
733 3631 805 3689 mihi
819 3631 853 3688 de
866 3633 905 3701 te,

144 3711 231 3782 Nate,
245 3708 354 3768 refers?
374 3710 432 3768 hoc
443 3731 506 3769 sum
519 3713 650 3786 terraque
663 3711 790 3788 marique
804 3708 924 3769 secuta?

145 3790 242 3868 Figite
256 3809 310 3862 me,
324 3789 349 3847 si
362 3809 417 3865 qua
430 3794 474 3848 est
486 3791 594 3867 pietas3
614 3789 645 3847 in
659 3810 705 3849 me
719 3791 814 3849 omnia
826 3790 885 3848 tela

144 3869 292 3949 Conjioite,
306 3890 323 3928 o
336 3868 457 3941 Rutuli3
478 3889 524 3928 me
536 3870 659 3948 primam
672 3871 813 3929 absumite
826 3870 916 3942 ferro;

142 3952 205 4010 Aut
218 3953 261 4023 tu,
275 3969 378 4029 magne
390 3951 472 4027 pater
485 3949 591 4023 divum,
605 3949 744 4024 miserere,
757 3953 864 4026 tuoque
