2506 4298
144 209 201 267 148
447 223 474 264 1³.
488 221 628 264 11101111
641 222 784 266 macoma

144 363 310 424 Coelicolurn
322 363 384 443 regi
396 365 556 424 mactabam
568 363 600 423 in
611 365 695 424 litore
707 369 833 424 taurum.

143 445 233 504 Forte
244 445 301 503 fuit
310 444 395 522 juxta
406 445 544 515 tumulus,
558 465 614 521 quo
627 466 728 504 comea
741 466 853 505 summo

143 524 287 602 Virgulta,
301 527 330 583 et
343 524 437 582 densis
447 524 597 582 hastilibus
610 525 724 583 horrida
736 527 859 603 myrtus.

144 604 275 676 Accessi,
294 603 468 681 viridemque
481 604 517 662 ab
530 604 619 662 humo
632 605 786 664 convellere
800 605 902 665 silvam

145 683 280 754 Conatus,
293 683 379 741 ramis
392 686 519 760 tegerem
532 687 566 741 ut
578 683 775 743 frondentibus
789 705 860 758 aras,

144 762 330 822 Horrendum
343 766 372 821 et
386 762 466 821 dictu
478 763 560 822 video
573 763 701 823 mirabile
714 768 884 824 monstrum.

144 843 223 900 Nam
236 863 297 919 quae
309 842 401 920 prima
414 843 473 901 solo
485 843 578 919 ruptis
591 843 731 902 radicibus
745 845 827 902 arbos

145 923 277 994 Vellitur,
291 922 358 980 huic
371 924 434 980 atro
446 922 596 999 liquuntur
609 922 745 1000 sanguine
759 927 861 1002 guttae,

144 1002 186 1060 Et
199 1005 306 1061 terram
318 1002 387 1061 tabo
399 1002 553 1060 maculant.
594 1001 671 1059 Mihi
683 1002 803 1080 frigidus
816 1003 917 1062 horror

145 1082 279 1140 Membra
291 1081 394 1157 quatit,
408 1082 573 1159 gelidusque
587 1082 644 1140 coit
657 1083 808 1141 formidine
821 1085 945 1162 sanguis.
966 1049 1164 1129 &aad

145 1161 257 1219 Rursus
271 1164 300 1219 et
314 1161 430 1219 alterius
442 1162 554 1219 lentum
567 1155 722 1221 convellere
735 1162 830 1220 vimen
851 1158 985 1225 cazat
1011 1143 1101 1223 A&

145 1241 293 1321 Insequor,
307 1243 337 1298 et
351 1260 447 1299 causas
460 1241 575 1318 penitus
587 1243 699 1299 tentare
712 1226 852 1315 latentes}
865 1221 933 1323 ffi'
950 1232 1087 1297 fraus

145 1321 219 1379 Ater
232 1324 262 1379 et
275 1320 391 1378 alterius
405 1321 532 1397 sequitur
545 1321 580 1379 de
593 1321 697 1379 cortice
710 1322 834 1399 sanguis.

146 1400 244 1458 Multa
255 1419 372 1459 movens
386 1400 489 1472 animo,
503 1400 656 1478 Nymphas
671 1403 824 1460 venerabar
837 1404 962 1480 agrestes
996 1357 1164 1448 ’11311Λῇ

146 1480 359 1556 Gradivumque
371 1483 483 1556 patrem
497 1479 605 1538 Geticis
619 1479 668 1557 qui
680 1480 814 1556 praesidet
827 1477 911 1554 arvis,
934 1449 1060 1561 stuf
1071 1520 1076 1530 ι
1090 1467 1164 1529 3¹⁴⁶

145 1559 216 1636 Rite
229 1557 415 1618 secundarent
428 1560 514 1631 visus,
527 1551 665 1635 omenque
678 1551 851 1620 levarentd»
870 1571 916 1603 »Μ
924 1579 950 1601 =·=
958 1584 981 1642 7*
1012 1566 1054 1605 J-'t
1062 1560 1085 1613 a

144 1638 245 1698 'l'ertia
259 1640 308 1697 sed
320 1642 474 1717 postquam
485 1639 590 1717 majore
603 1639 718 1715 hastilia
730 1639 796 1698 nisu
816 1630 919 1704 fl‘ffl
941 1617 1016 1700 *ld*
1045 1612 1060 1655 s

145 1719 314 1797 Aggredior,
328 1718 502 1796 genibusque
516 1720 640 1777 adversae
653 1719 783 1778 obluctor
796 1739 904 1779 arenae:

145 1799 280 1876 Eloquar,
294 1819 330 1857 an
344 1798 464 1857 sileam?
485 1798 609 1876 gemitus
621 1799 802 1858 lacrimabilis
814 1800 873 1858 imo

145 1879 273 1937 Auditur
284 1879 406 1951 tumulo,
419 1881 449 1937 et
462 1899 518 1936 vox
530 1878 642 1936 reddita
654 1879 745 1937 fertur
758 1880 794 1938 ad
808 1900 904 1938 aures:

146 1959 239 2031 ‘Quid
253 1958 395 2029 miserum,
409 1958 509 2030 AEnea,
521 1957 649 2017 laceras?
666 1959 727 2036 jam
740 1979 822 2036 parce
836 1958 965 2036 sepulto;
1018 2008 1023 2017 .
1048 2012 1072 2031 ξ,
1139 2023 1142 2026 ξ

146 2038 235 2096 Parce
247 2038 308 2115 pias
322 2037 454 2096 scelerare
468 2057 578 2095 manus.
618 2038 688 2096 Non
700 2059 747 2096 me
760 2039 815 2097 tibi
829 2038 914 2117 Troja
951 2032 972 2092 A
992 2100 997 2111 Ι
1010 2040 1128 2085 11λέ11

145 2118 308 2176 Externum
321 2115 409 2188 cunr}
427 2120 477 2175 aut
491 2137 574 2175 cruor
586 2117 633 2176 hic
647 2118 681 2176 de
695 2118 794 2195 stipite
806 2121 912 2176 manat.

62 2236 65 2240 -
146 2198 231 2256 Heu!
251 2198 318 2274 suge
332 2198 458 2255 crudeles
470 2200 569 2268 terras,
583 2198 649 2275 fuge
662 2197 731 2255 litus
746 2218 870 2256 avarum.
981 2250 985 2256 .
1103 2230 1138 2289 ,a

145 2277 225 2335 Nam
238 2276 396 2354 Polydorus
410 2297 471 2353 ego.
511 2277 571 2334 Hic
585 2277 728 2357 confixum
740 2278 830 2336 ferrea
841 2278 928 2359 texit⁸
944 2284 967 2323 2⁴-
976 2292 988 2321 1
998 2296 1004 2317 ⁴
1015 2292 1025 2319 ·-‘
1035 2298 1050 2321 ‘-
1061 2279 1162 2357 ‘'f''

147 2357 282 2415 Telorum
296 2376 383 2433 seges,
398 2360 427 2414 et
437 2356 538 2434 jaculis
551 2354 671 2415 increvit
685 2357 794 2415 acutis!
1010 2352 1040 2435 sp
1068 2366 1164 2411 01111

147 2436 223 2494 Tum
235 2456 302 2494 vero
315 2432 432 2512 ancipiti
445 2438 571 2494 mentem
585 2437 733 2494 formidine
746 2457 858 2514 pressus
1022 2440 1028 2454 ''

147 2515 299 2592 Obstupui,
313 2519 511 2592 steteruntque
524 2536 622 2587 comae,
636 2519 666 2574 et
679 2537 734 2574 vox
747 2517 874 2575 faucibus
886 2516 983 2574 haesit.

187 2600 203 2626 “
213 2596 302 2653 Hunc
315 2595 491 2673 Polydorum
504 2596 565 2653 auri
578 2596 721 2673 quondam
734 2616 799 2654 cum
811 2597 934 2674 pondere
947 2617 984 2654 m·
1036 2617 1058 2677 q
1078 2664 1088 2675 ..
1111 2631 1131 2681 y
1152 2654 1164 2672 ,Α

147 2675 252 2733 Infelix
266 2675 397 2733 Priamus
411 2675 512 2733 furtim
523 2675 672 2733 mandarat
686 2675 819 2734 alendum
840 2673 916 2719 ss&
927 2664 963 2714 ··’·
980 2696 994 2755 J
1037 2668 1111 2735 “⁴‘'ss
1127 2677 1154 2698 '⁴

148 2755 282 2813 Threicio
295 2755 364 2832 regi,
379 2775 467 2832 quum
476 2755 538 2832 jam
551 2755 689 2814 diffideret
703 2755 789 2813 armis
975 2760 983 2769 ’“

148 2835 311 2906 Dardaniae,
325 2835 456 2912 cingique
469 2835 569 2892 urbem
582 2835 727 2893 obsidione
739 2835 857 2893 videret.

148 2915 211 2987 Ille,
226 2919 260 2973 ut
274 2934 340 2991 opes
353 2915 452 2973 fractae
466 2915 616 2986 Teucrum,
631 2918 660 2973 et
673 2915 790 2973 fortuna
801 2915 926 2987 recessit,

147 2995 206 3053 Res
220 2994 459 3072 Agamemnonias
473 2993 654 3071 victriciaque
668 3015 747 3052 arma
759 2998 882 3066 secutus,

147 3074 204 3132 Fas
218 3094 301 3133 omne
315 3074 467 3150 abrumpit,
480 3072 656 3151 Polydorum
669 3075 830 3146 obtruncat,
844 3077 874 3133 et
888 3095 957 3133 auro

147 3154 186 3210 Vi
199 3153 318 3231 potitur.
360 3154 437 3226 Quid
449 3174 508 3211 non
520 3154 654 3211 mortalia
665 3157 781 3230 pectora
794 3154 880 3231 cogis,

148 3234 220 3291 Auri
234 3253 312 3292 sacra
324 3233 428 3292 fames!
468 3233 627 3310 Postquam
640 3253 728 3309 pavor
742 3254 805 3292 ossa
817 3233 941 3311 reliquit,

148 3313 282 3372 Delectos
295 3313 393 3389 populi
405 3313 442 3370 ad
454 3333 590 3390 proceres,
603 3312 782 3390 primumque
795 3317 951 3390 parentem,

148 3393 283 3450 Monstra
296 3392 380 3450 deum
393 3389 491 3465 refero,
505 3396 535 3451 et
548 3412 612 3470 quae
625 3393 664 3450 sit
678 3393 828 3464 sententia,
841 3414 935 3471 posco.

149 3472 289 3532 Omnibus
302 3472 377 3529 idem
391 3472 502 3530 animus
515 3474 650 3531 scelerata
663 3473 794 3531 excedere
808 3475 892 3545 terra,

149 3552 256 3629 Linqui
268 3551 409 3628 pollutum
422 3552 588 3628 hospitium,
602 3556 632 3610 et
646 3552 711 3610 dare
724 3552 860 3611 classibus
873 3557 986 3613 austros
1055 3620 1065 3627 ξ,
1117 3610 1121 3620 ,

149 3633 229 3709 Ergo
242 3631 433 3709 instauramus
447 3631 590 3709 Polydoro
603 3633 697 3704 funus,
710 3636 740 3691 et
753 3632 854 3710 ingens
886 3645 911 3681 ἰ
928 3600 1066 3681 *eti*
1111 3636 1140 3645 ’
1160 3642 1163 3647 “

148 3711 308 3789 Aggeritur
320 3711 432 3769 tumulo
445 3711 547 3783 tellus;
567 3708 647 3770 stant
661 3712 790 3770 manibus
804 3732 869 3785 arae,

150 3791 285 3850 Caeruleis
298 3793 410 3849 maestae
424 3791 507 3849 vittis
520 3794 637 3869 atraque
650 3811 789 3868 cupresso,

143 3871 190 3930 Et
203 3870 310 3930 circum
323 3869 429 3930 Iliades
442 3870 548 3930 crinem
562 3871 596 3931 de
609 3891 687 3930 more
700 3871 817 3930 soluta:

134 3952 300 4015 Inferimm
314 3951 416 4039 tepido
430 3951 598 4035 spumantia
608 3951 817 4051 cymbala-cte,
850 3947 936 4023 <fil-⁸
975 3924 1068 4024 listi
1078 3972 1093 3989 ¹·
1106 3980 1122 4025 ξι
