2506 4298
146 201 205 261 882
450 218 632 261 nnmerum
645 216 787 260 morus

147 358 255 417 Audiat
268 359 330 417 haec
345 359 473 432 Genitor,
487 360 536 436 qui
549 360 654 418 foedera
666 359 785 419 fulmine
798 361 890 420 sancit
901 386 908 434 ;

147 438 247 516 Tango
261 459 339 511 aras3
359 439 466 499 medios
479 440 560 517 ignes
574 443 604 498 et
616 441 735 497 numina
747 443 855 500 testor:

148 518 238 575 Nulla
251 519 310 577 dies
324 539 422 596 pacem
434 520 508 578 hanc
522 519 616 591 Italis,
629 539 681 578 nec
694 520 800 578 foedera
812 525 935 598 rumpet,

148 598 211 670 Quo
224 618 268 657 res
282 619 402 675 cumque
415 600 534 670 cadent3
554 619 606 657 nec
619 618 666 657 me
678 599 722 657 vis
735 600 793 658 ulla
805 601 949 660 volentem

149 677 286 750 Avertet3
305 699 372 750 non,
386 679 411 736 si
423 678 554 738 tellurem
567 679 696 737 effundat
708 679 740 736 in
753 680 852 752 undas,

147 756 266 816 Diluvio
279 759 407 829 miscens,
422 759 579 836 coelumque
592 759 623 816 in
637 759 758 817 Tartara
768 759 876 819 solvat:

147 836 192 894 Ut
210 841 354 915 sceptrum
366 838 420 896 hoc
437 838 550 914 (dextra
562 840 706 915 sceptrum
719 858 786 896 nam
799 839 873 898 forte
886 839 1016 917 gerebat)

147 915 304 992 Nunquam
317 918 415 976 fronde
428 918 483 976 levi
496 918 597 976 frmdet
610 918 737 995 virgulta
748 939 840 996 neque
852 920 975 991 umbras,

148 996 244 1068 Quum
258 997 344 1055 semel
356 997 387 1055 in
400 997 478 1055 silvis
491 997 549 1055 imo
563 998 598 1056 de
612 997 700 1075 stirpe
712 997 834 1056 recisum

148 1075 245 1133 Matre
258 1080 344 1148 caret,
357 1077 507 1155 posuitque
521 1097 616 1136 comas
630 1080 660 1135 et
673 1077 789 1136 brachia
801 1078 893 1150 ferr03

148 1154 225 1212 Olim
239 1157 434 1214 arbos-nunc
448 1157 564 1215 artificis
577 1177 679 1215 manus
692 1177 745 1215 sere
759 1158 859 1216 decoro

147 1233 279 1306 Inclusit‚
293 1235 475 1312 patribusque
489 1236 568 1294 dedit
581 1239 692 1314 gestare
706 1236 848 1296 Latinis.''

148 1313 264 1372 Talibus
276 1316 352 1373 inter
365 1336 394 1374 se
407 1316 559 1374 firmabant
572 1316 678 1374 foedera
690 1317 781 1388 dictis,

148 1392 309 1471 Conspectu
320 1395 351 1453 in
364 1395 458 1454 medio
470 1415 625 1472 procerum.
667 1395 743 1453 Tum
754 1396 810 1454 rite
823 1399 944 1454 sacratas

148 1472 186 1530 In
199 1474 343 1532 flammam
351 1475 487 1553 jugulant
500 1475 629 1552 pecudes,
643 1477 672 1533 et
685 1476 792 1534 viscera
804 1476 876 1534 vivis

148 1552 292 1630 Eripiunt,
306 1555 507 1633 cumulantque
520 1555 643 1614 oneratis
655 1555 783 1615 lancibus
796 1575 865 1614 aras.

187 2276 229 2333 At
242 2295 309 2334 vero
322 2275 440 2334 Rutulis
452 2277 544 2353 impar
556 2296 590 2334 ea
602 2296 699 2353 pugna
710 2274 800 2334 videri

148 2354 170 2412 J
170 2355 333 2426 amdudum,
346 2358 376 2413 et
389 2355 466 2414 vario
480 2356 590 2414 misceri
603 2359 718 2432 pectora
731 2358 829 2426 motu;

148 2435 224 2492 Turn
237 2435 337 2511 magis,
350 2439 384 2491 ut
398 2435 513 2511 propius
527 2438 647 2492 cernunt
660 2454 717 2492 non
732 2435 839 2492 viribus
852 2433 948 2510 aequis.

148 2514 277 2591 Adjuvat
290 2515 401 2572 incessu
413 2514 503 2573 tacito
516 2534 679 2591 progressus
693 2516 722 2572 et
737 2535 815 2572 aram

149 2593 320 2670 Suppliciter
333 2614 469 2652 venerans
484 2593 604 2652 demisso
617 2593 725 2651 lumine
738 2594 860 2664 Turnus,

150 2674 346 2750 Tabentesque
359 2694 446 2752 genae,
460 2678 490 2732 et
500 2673 627 2751 juvenali
639 2674 670 2730 in
684 2694 799 2750 corpore
812 2673 911 2750 pallor.

150 2755 243 2827 Quem
256 2753 341 2811 simul
354 2774 385 2812 ac
399 2754 421 2811 J
421 2756 529 2811 uturna
542 2774 619 2812 soror
633 2754 804 2812 crebrescere
817 2753 890 2810 vidit

150 2834 322 2905 Sermonem,
336 2837 366 2892 ct
379 2833 459 2911 vulgi
472 2833 580 2892 variare
593 2833 719 2891 labantia
732 2833 831 2892 corda:

151 2913 188 2970 In
202 2913 307 2971 medias
322 2913 402 2985 acies,
415 2914 536 2971 formam
550 2913 714 2971 assimulata
727 2911 892 2970 Camerti-

150 2992 205 3050 Oui
218 3013 307 3070 genus
321 2993 461 3070 aproavis
474 2993 584 3070 ingens,
599 2993 760 3070 clarumque
772 2997 896 3069 paterna

149 3072 264 3130 Nomen
277 3075 338 3131 erat
350 3073 476 3144 virtutis,
490 3077 519 3130 et
532 3073 592 3149 ipse
605 3072 756 3130 acerrimus
770 3072 894 3129 armis-

150 3151 188 3209 In
201 3150 307 3210 medias
320 3152 370 3209 dat
384 3172 443 3210 sese
456 3152 537 3223 acies,
550 3152 628 3210 haud
640 3152 733 3210 nescia
745 3171 847 3225 rerum,

149 3230 344 3308 Rumoresque
357 3232 425 3290 serit
438 3231 539 3303 varios,
554 3252 586 3290 ac
599 3232 668 3289 talia
680 3232 773 3289 fatur:

150 3311 244 3368 “Non
257 3312 355 3387 pudet,
369 3331 386 3370 0
400 3311 512 3383 Rutuli,
526 3331 577 3387 pro
591 3311 700 3369 cunctis
713 3311 819 3369 talibus
832 3330 920 3368 unam

150 3389 299 3466 Objectare
312 3390 459 3449 animam?
480 3411 642 3461 numerere,
656 3412 693 3448 an
706 3391 814 3448 viribus
828 3391 901 3467 aequi

149 3468 219 3526 Non
232 3469 353 3528 sumus?
374 3471 430 3541 En,
445 3490 542 3529 omnes
555 3474 585 3528 et
599 3470 697 3541 Troes,
712 3474 741 3528 et
755 3471 887 3543 Arcades,
902 3468 934 3526 bi
948 3473 1029 3542 sunt,

152 3547 330 3625 [Fatalisque
343 3569 453 3621 manus,
466 3550 576 3608 infensa
589 3550 708 3607 Etruria
721 3549 842 3626 Turno]

148 3626 206 3684 Vix
218 3628 341 3700 hostem,
355 3628 458 3686 alterni
471 3629 496 3687 si
509 3630 733 3707 congrediamur,
747 3630 892 3688 habemus.

149 3706 204 3764 Ille
218 3707 332 3783 quidem
346 3707 382 3765 ad
395 3728 519 3785 superos,
534 3729 655 3786 quorum
668 3729 697 3768 se
711 3710 832 3768 devovet
845 3710 909 3780 aris,

150 3785 286 3844 succedet
299 3787 383 3859 fama,
396 3787 533 3866 vivusque
546 3809 597 3866 per
610 3809 659 3847 ora
671 3790 795 3847 feretur:

145 3865 181 3926 N
179 3887 219 3944 os,
233 3855 453 3948 putridamissd,
465 3867 586 3926 dominis
600 3889 697 3945 parere
710 3868 836 3946 superbis

141 3947 300 4032 (legemur,
314 3949 367 4032 qui
377 3969 459 4011 nunc
467 3947 547 4010 lenti
557 3948 735 4008 consedimus
746 3947 842 4005 ardis}¹
