2506 4298
462 251 604 295 Eremos
617 253 679 294 ΗΒ.
694 253 723 294 X.

112 393 169 451 Est
183 393 284 451 domus
298 392 373 466 alta;
388 393 486 471 jacent
499 394 613 471 penitus
627 395 737 453 defossa
749 395 860 454 talenta

112 472 214 531 Caelati
228 474 358 552 argenti3
378 477 447 531 sunt
461 474 521 531 auri
535 474 660 550 pondera
673 475 742 532 facti

112 551 272 630 Infectique
286 553 365 610 mihi.
405 553 476 611 Non
488 554 535 611 hic
547 554 667 612 victoria
680 555 821 612 Teucrum

111 632 261 705 Vertitur3
282 637 333 690 aut
347 632 441 690 anima
453 653 510 690 una
524 633 603 691 dabit
617 634 779 691 discrimina
792 636 904 694 tanta.''

111 711 242 770 Dixerat.
282 712 387 770 AEneas
401 716 501 770 contra
513 713 559 771 cui
572 713 642 770 talia
654 714 764 772 reddit:

112 792 263 869 “Argenti
277 795 362 868 atque
376 792 437 849 auri
449 812 589 851 memores
603 812 666 868 quar
679 793 773 852 multa
785 795 903 868 talenta,

110 870 199 929 Natis
212 892 294 947 parce
307 872 375 929 tuis.
416 871 490 929 Belli
504 873 672 930 commercia
685 873 799 931 Turnus

111 950 236 1009 Sustulit
249 951 306 1009 ista
318 952 395 1028 prior
403 950 465 1028 jam
478 955 543 1008 tum
557 951 689 1010 Pallante
702 956 841 1029 peremto.

111 1030 178 1088 Hoc
192 1031 281 1108 patris
295 1030 429 1089 Anchisae
442 1051 547 1101 manes,
560 1031 615 1089 hoc
629 1031 718 1089 sentit
732 1032 846 1093 Iulus.”

110 1109 158 1168 Sic
171 1111 248 1168 fatus
261 1111 371 1188 galeam
384 1106 457 1167 11111
468 1114 557 1182 tenet,
572 1113 658 1187 atque
671 1103 777 1169 reflcxf

111 1189 227 1248 Cervice
241 1190 349 1248 orantis
363 1190 462 1266 capulo
475 1194 560 1248 tenus
574 1191 697 1267 applicat
711 1211 816 1249 ensem.

110 1269 174 1328 Nec
187 1270 286 1346 procul
304 1270 498 1341 Haemonides,
512 1270 615 1329 Phoebi
629 1269 788 1346 Triviaeque
802 1272 938 1344 sacerdos,

110 1349 208 1407 Insula
221 1351 267 1408 cui
280 1370 358 1408 sacra
371 1349 523 1407 redimibat
536 1353 665 1427 tempora
677 1349 761 1421 vitta,

110 1428 203 1486 Totus
217 1430 356 1487 collucens
370 1433 449 1486 veste
463 1433 548 1505 atque
561 1429 720 1506 insignibus
733 1429 836 1487 armis:
1011 1496 1015 1503 ¹

110 1508 203 1580 Quem
217 1528 383 1587 congressus
397 1508 458 1585 agit
471 1529 579 1585 campo,
593 1509 758 1585 lapsumque
772 1512 934 1586 superstans

110 1587 256 1659 Immolat,
270 1588 436 1665 ingentique
450 1589 552 1646 umbra
564 1589 656 1665 tegit;
677 1608 755 1646 arma
770 1589 898 1647 Serestus

110 1666 201 1725 Lecta
213 1668 299 1726 refert
312 1668 446 1739 humeris,
459 1669 523 1740 tibi,
536 1687 585 1726 rex
599 1667 730 1741 Gradive,
744 1672 893 1746 tropaeum.

109 1747 279 1805 Instaurant
292 1748 364 1806 acies
378 1747 498 1805 Vulcani
512 1747 600 1824 stirpe
613 1752 723 1806 creatus

109 1826 239 1885 Gaeculus
253 1832 283 1885 et
295 1827 411 1885 veniens
425 1826 589 1885 Marsorum
603 1828 748 1886 montibus
762 1827 884 1886 Umbro.

109 1906 287 1964 Dardanides
301 1911 401 1964 contra
413 1906 492 1964 furit.
533 1907 660 1964 Anxuris
674 1927 740 1965 ense
754 1907 900 1965 sinistram

109 1986 152 2044 Et
165 1989 261 2044 totum
276 1987 358 2063 clipei
371 1987 444 2044 ferro
458 1986 596 2065 dejecerat
609 1987 706 2045 orbem
716 2011 763 2058 3—

109 2065 231 2124 Dixerat
244 2066 291 2124 ille
305 2065 412 2141 aliquid
424 2086 570 2142 magnum,
584 2066 699 2143 vimque
712 2067 798 2124 affore
811 2066 898 2124 verbo

109 2145 283 2216 Crediderat,
298 2145 423 2223 coeloque
436 2147 564 2202 animum
576 2145 695 2204 fortasse
709 2147 825 2218 ferebat,

109 2224 307 2302 Canitiemque
321 2225 375 2282 sibi
388 2228 418 2283 et
430 2225 531 2302 longos
544 2225 712 2302 promiserat
725 2246 814 2284 annos
823 2249 872 2298 3-

109 2304 264 2380 Tarquitus
278 2305 423 2363 exsultans
436 2309 536 2363 contra
548 2305 724 2383 fulgentibus
738 2305 831 2378 armis,

109 2383 250 2442 Silvicolae
263 2384 365 2443 Fauno
378 2385 495 2462 Dryope
509 2405 593 2461 quem
606 2385 735 2463 nympha
748 2388 864 2457 crearat,

110 2464 219 2521 Obvius
233 2464 344 2522 ardenti
357 2483 417 2522 sese
430 2464 545 2523 obtulit.
586 2464 640 2524 Ille
652 2466 770 2524 reducta

108 2543 243 2602 Loricam
256 2543 393 2621 clipeique
406 2543 506 2620 ingens
520 2564 591 2602 onus
605 2545 725 2622 impedit
738 2546 830 2603 hasta.

110 2622 187 2680 Tum
200 2626 286 2700 caput
300 2622 407 2680 orantis
420 2624 619 2700 nequidquam,
633 2630 663 2682 et
677 2625 769 2682 multa
780 2622 907 2700 parantis

109 2703 221 2774 Dicere,
235 2703 369 2761 deturbat
382 2705 475 2774 terrae,
488 2706 678 2780 trimeumque
691 2706 838 2780 tepentem

110 2781 293 2854 Provolvens,
307 2783 467 2859 superhaec
480 2781 595 2840 inimico
608 2785 723 2858 pectore
736 2784 831 2840 fatur:

109 2862 211 2921 “Istic
224 2882 309 2934 nunc,
322 2862 482 2932 metuende,
491 2860 562 2938 jace.
602 2861 634 2918 N
635 2881 673 2919 01
685 2866 716 2919 te
729 2861 838 2938 optima
850 2863 943 2918 mater

110 2940 222 3000 Condat
235 2941 326 3013 humi,
339 2941 467 3018 patriore
481 2940 610 2999 onerabit
623 2941 751 2998 membra
764 2940 909 3017 sepulcro:

108 3021 237 3080 Alitibus
249 3020 376 3097 linquere
389 3020 473 3092 feris;
493 3023 544 3078 aut
557 3021 672 3098 gurgite
685 3040 810 3078 mersum

109 3100 197 3159 Unda
209 3101 290 3173 feret,
303 3100 449 3177 piscesque
461 3100 578 3178 impasti
589 3100 707 3159 vulnera
719 3098 877 3158 lambent.”

109 3179 253 3239 Protenus
266 3181 404 3239 Antaeum
417 3183 447 3238 et
461 3180 578 3252 Lucam,
592 3181 684 3257 prima
697 3179 812 3256 agmina
825 3177 924 3249 Turni,

110 3258 303 3336 Persequitur,
317 3261 475 3337 fortemque
489 3260 626 3331 Numam,
640 3261 805 3335 fulvumque
819 3257 988 3330 Camertem,

109 3338 299 3416 Magnanimo
311 3339 464 3398 Volscente
477 3341 582 3410 satum,
595 3339 752 3397 ditissimus
765 3338 828 3415 agri

110 3418 168 3490 Qui
181 3419 237 3479 fuit
251 3419 438 3492 Ausonidum,
453 3424 483 3478 et
497 3419 593 3478 tacitis
606 3419 737 3497 regnavit
750 3417 889 3496 Ampelis.

109 3497 223 3576 AEgeon
237 3499 335 3576 qualis,
350 3504 467 3557 centum
480 3499 526 3557 cui
538 3499 654 3558 brachia
666 3499 766 3557 dicunt

110 3576 309 3656 Centenasque
321 3598 431 3650 manus,
444 3578 652 3656 quinquaginta
665 3579 760 3638 oribus
773 3577 870 3655 ignem

108 3657 333 3736 Pectoribusque
347 3658 455 3730 arsisse,
469 3658 491 3715 J
492 3658 552 3716 ovis
566 3679 653 3735 quum
667 3656 787 3716 fulmina
800 3659 900 3716 contra

109 3737 169 3796 Tot
182 3739 297 3815 paribus
311 3741 449 3815 streperet
463 3737 568 3814 clipeis,
581 3741 628 3797 101
641 3738 794 3814 stringeret
807 3757 905 3796 enses:

108 3816 157 3876 Sic
169 3821 235 3877 toto
248 3819 354 3876 AEneas
367 3817 486 3876 desaevit
499 3817 530 3875 in
544 3838 657 3895 aequore
670 3818 770 3887 victor,

108 3896 154 3956 Ut
168 3899 256 3956 semel
268 3897 394 3975 intepuit
406 3917 514 3956 mucro.
554 3897 632 3969 Quin
644 3917 708 3956 ecce
720 3895 839 3975 Niphaei

109 3977 298 4056 Quadrijuges
310 3977 341 4036 in
354 3997 441 4056 equos
454 3977 630 4058 adversaque
641 3981 765 4060 pectora
773 3975 895 4053 tendite
