2506 4298
457 222 620 280 nuconrou.
660 234 727 278 non.
741 236 785 278 1x.
1052 227 1092 286 23
1201 217 1204 223 ⁴

156 375 260 452 Sponte
273 395 332 447 sue,
342 374 414 434 ,dum
428 373 499 434 ferre
511 396 613 448 moror,
627 376 697 435 cinis
710 377 778 455 ipse.
819 377 933 437 Bonum
947 379 1001 442 sit!

155 456 257 514 Nescio
271 455 339 532 quid
352 457 428 513 certe
442 458 502 527 est3
522 459 552 514 et
566 456 664 533 Hylax
677 457 708 515 in
721 458 818 517 limine
831 459 928 518 latret.

156 533 325 593 Credimus?
339 554 383 606 en,
397 534 446 610 qui
459 538 565 607 ament,
578 536 634 613 ipsi
646 537 700 595 sibi
714 538 824 596 somnia
836 539 974 615 fingrth

156 614 274 688 Parcite,
288 614 324 673 ab
337 614 406 673 urbe
418 614 506 686 venit,
515 615 577 692 jem
590 617 705 693 parcite,
719 617 851 691 carmine,
864 617 1025 697 Daphnis.’'

410 2036 572 2095 ECLOGA
592 2037 648 2096 IX.
688 2036 839 2098 MOERIS.

194 2184 269 2243 ch.
291 2183 355 2255 Quo
367 2185 406 2255 te,
417 2182 513 2254 Moeri,
523 2182 632 2260 pedes?
646 2204 691 2256 en,
701 2204 757 2262 quo
770 2184 817 2242 rie
829 2184 917 2256 ducit,
927 2183 957 2242 in
971 2183 1094 2244 urbem?

194 2265 286 2322 Mum.
309 2263 334 2321 Ο
348 2262 464 2340 Lycida,
477 2263 535 2321 vivi
548 2263 734 2340 pervenimus,
748 2265 856 2323 advena
867 2265 959 2322 nostri
1008 2331 1010 2335 ,

158 2343 256 2419 (Quod
268 2362 415 2419 nunquam
427 2342 512 2400 veriti
526 2343 645 2420 sumus)
661 2348 696 2401 ut
708 2364 850 2421 possessor
864 2343 948 2421 agelli

151 2417 288 2482 Diceret:
309 2426 325 2453 “
335 2422 407 2480 Haec
420 2442 484 2480 mea
496 2426 580 2494 sunt3
596 2427 705 2482 veteres
718 2424 840 2501 migrate
853 2423 975 2482 coloni.”

110 2524 111 2527 ¹
150 2497 241 2561 Nunc
255 2501 334 2573 victi,
346 2501 453 2566 tristes.
467 2503 600 2579 quoniam
614 2503 686 2561 Fors
699 2503 795 2561 omnia
806 2506 909 2576 verset,

149 2577 218 2641 Hos
231 2581 276 2640 illi
291 2581 381 2659 (quod
393 2600 444 2639 nee
457 2582 529 2640 bene
541 2582 650 2659 vertat)
666 2583 809 2640 mittimus
822 2582 927 2641 haedos

193 2661 269 2720 nro.
291 2660 375 2719 (lente
388 2661 518 2738 equidem
531 2662 682 2733 audieram,
696 2682 752 2740 que
765 2682 794 2720 se
808 2664 961 2722 subducere
974 2662 1057 2721 colles
1125 2668 1129 2682 ‘
1152 2710 1156 2729 ,
1170 2724 1174 2737 -,
1197 2726 1203 2737 Ι

152 2739 312 2818 Incipiunt,
325 2740 458 2818 mollique
466 2741 571 2818 jugum
584 2742 733 2801 demittere
746 2742 828 2814 clivo,

152 2820 254 2898 Usque
267 2821 304 2878 ad
316 2840 418 2896 aquam
432 2822 461 2878 et
474 2824 592 2893 veteres,
602 2822 663 2899 jem
675 2821 766 2880 fracte
779 2822 932 2895 cacumina,
946 2821 1036 2899 fagos,

152 2900 259 2959 Omnia
271 2899 442 2958 carminibus
455 2903 583 2958 vestrum
597 2921 720 2960 servasse
734 2901 893 2959 Menalcan.
963 2947 964 2953 ,

194 2980 288 3037 Moru.
308 2979 455 3050 Audimus,
469 2982 499 3037 et
512 2980 588 3038 fama
600 2980 673 3052 fuit3
693 2980 742 3038 sed
756 2980 880 3038 carmina
892 2982 1009 3044 tantum

155 3059 266 3119 Nostra
277 3058 385 3129 valent,
399 3058 515 3137 Lycide,
528 3059 587 3117 tela
599 3059 675 3118 inter
688 3060 804 3131 Martia,
819 3064 958 3137 quantum

157 3138 297 3198 Chaonias
311 3138 419 3209 dicunt,
433 3138 526 3215 aquila
538 3139 678 3210 veniente,
692 3139 845 3198 columbus.

157 3219 239 3292 Quod
251 3217 366 3276 nisime
379 3237 417 3293 qu
449 3238 554 3295 umque
567 3239 654 3277 novas
667 3218 789 3277 incidere
801 3217 866 3276 lites

157 3301 234 3357 Ante
248 3297 365 3356 sinistra
377 3237 453 3355 catil
458 3297 614 3357 monuisset
627 3300 663 3357 eb
676 3299 738 3356 ilice
752 3298 865 3359 cornix:

156 3377 218 3437 Nec
230 3380 300 3436 tuus
312 3377 360 3435 hie
373 3376 483 3448 Moeris,
496 3397 548 3436 neo
560 3378 669 3436 viveret
681 3378 741 3454 ipse
754 3377 906 3436 Menalcas.

194 3459 271 3515 Lre.
286 3456 877 3534 Heu‚ceditinquemquemtantumseelusl
888 3458 1008 3531 heutua
1014 3457 1097 3515 nobis

158 3536 241 3596 Paene
255 3536 341 3594 simul
353 3538 449 3594 tecum
463 3536 563 3594 solatia
574 3540 664 3613 rapta,
679 3534 834 3595 Menalca?

158 3617 226 3689 Quis
239 3618 353 3675 caneret
366 3615 397 3673 N
396 3614 541 3693 ymphas?
562 3617 624 3693 quis
637 3617 758 3674 humum
770 3616 937 3675 florentibus
950 3615 1045 3676 herbis

158 3695 316 3774 Spargeret,
329 3697 380 3753 aut
392 3695 476 3752 viridi
488 3694 581 3753 fontes
594 3696 740 3754 induceret
752 3695 876 3754 umbra?
977 3746 995 3771 .,
1060 3755 1093 3785 Η

159 3775 211 3835 Vel
224 3795 287 3853 quae
300 3773 410 3852 sublegi
423 3774 529 3832 tacitus
541 3775 597 3832 tibi
609 3775 734 3833 carmina
746 3796 836 3853 nuper
933 3778 1004 3812 “²²³¹
1024 3792 1039 3807 ‘·
1086 3792 1106 3807 ⁴¹
1150 3782 1173 3797 '⁶
1189 3776 1195 3797 ¹
1212 3765 1239 3847 ,Α

160 3854 254 3927 Quum
266 3857 297 3914 te
309 3855 346 3913 ed
359 3853 472 3912 delicias
485 3853 579 3925 ferres,
593 3854 779 3932 Amaryllida,
792 3851 928 3914 nostres?
969 3866 1022 3931 jc·
1064 3886 1068 3895 =
1085 3854 1089 3867 f
1146 3868 1158 3903 e
1191 3872 1241 3931 ρ.

159 3937 175 3966 “
183 3935 293 4015 Tityre,
307 3934 377 3993 dum
388 3933 481 4017 redeo,
493 3933 587 3992 brevis
600 3936 645 3994 est
656 3934 711 4010 vie,
724 3953 807 4014 pasce
820 3932 952 4015 capellas,
1030 4000 1033 4006 ,
1060 3997 1065 4005 ,
1117 3996 1140 4026 ».
1148 4004 1168 4020 μ
