2506 4298
283 211 325 271 86
591 227 618 269 r.
632 225 773 268 vrnomrr
786 225 929 270 11110111

285 368 391 446 Eripe:
411 388 470 427 non
481 367 539 427 illis
552 367 702 446 quisquam
715 369 917 428 cunctantibus
931 371 1024 429 altum
1081 371 1084 376 '

285 448 409 521 heitar,
424 452 476 507 aut
490 449 590 507 castris
604 448 720 508 audebit
732 449 835 508 vellere
848 449 938 526 signa.

285 527 418 586 Invitent
431 528 535 588 croceis
548 527 678 587 halantes
691 528 809 588 fioribus
822 529 909 600 horti,

285 607 328 665 Et
341 610 437 666 custos
450 609 548 666 furum
561 611 648 684 atque
661 607 758 666 avium
771 627 838 667 cum
850 608 922 668 falce
935 608 1045 688 saligna

284 686 511 764 Hellespontiaci
524 691 617 746 servet
629 688 724 746 tutela
737 687 843 765 Priapi.

285 766 352 843 Ipse
365 767 502 845 thymum
514 767 651 845 pinosque
663 768 756 826 ferens
769 768 804 827 de
817 767 964 826 montibus
977 768 1045 827 altis

285 847 375 905 Tecta
387 851 462 906 serat
474 846 532 906 late
546 847 662 919 circum,
675 848 722 905 cui
734 847 805 906 talia
818 867 893 906 curae
905 871 912 919 3

284 925 352 1002 Ipse
364 926 461 986 labore
473 946 592 985 manum
605 928 677 985 duro
690 929 767 985 terat
779 951 786 999 ;
805 928 866 1005 ipse
878 927 984 986 feraces

284 1005 374 1083 Figat
385 1006 475 1065 humo
488 1007 610 1084 plantas,
623 1010 653 1065 et
667 1006 771 1065 amicos
784 1006 884 1085 irriget
897 1007 1010 1065 imbres.

324 1086 422 1162 Atque
435 1086 574 1163 equidem,
587 1088 714 1144 extremo
727 1086 759 1144 ni
767 1087 828 1165 jam
841 1086 895 1144 sub
908 1086 966 1144 fine
978 1086 1109 1145 laborum

284 1165 356 1224 Vela
368 1165 491 1238 traham,
504 1168 534 1224 et
547 1166 631 1224 terris
643 1165 777 1225 festinem
789 1166 936 1225 advertere
947 1186 1070 1244 proram,

284 1244 420 1303 Forsitan
434 1247 472 1317 et,
485 1245 606 1323 pingues
619 1245 719 1304 hortos
734 1265 797 1322 quae
812 1265 880 1304 cura
893 1246 1005 1305 colendi

286 1324 417 1399 Omaret,
430 1345 568 1396 canerem,
580 1324 719 1400 biferique
731 1325 839 1384 rosaria
851 1325 960 1397 Paesti3

286 1405 406 1480 Quoque
418 1404 504 1464 modo
516 1404 592 1482 potis
605 1404 764 1482 gauderent
776 1405 880 1463 intuba
891 1404 970 1477 rivis,

285 1484 328 1543 Et
340 1484 444 1543 virides
458 1484 521 1562 apio
534 1484 612 1563 ripae,
625 1487 778 1561 tortusque
790 1504 841 1562 per
852 1484 972 1542 herbam

286 1563 431 1623 Cresceret
443 1564 475 1622 in
486 1566 618 1624 ventrem
631 1563 759 1622 cucumis
770 1588 777 1636 ;
796 1584 849 1622 neo
862 1584 925 1623 sera
937 1566 1100 1622 comantem

285 1643 463 1718 Narcissum,
476 1647 528 1703 aut
541 1644 608 1702 flexi
619 1643 773 1702 tacuissem
785 1644 882 1702 vimen
895 1643 1019 1715 acanthi,

285 1722 485 1801 Pallentesque
498 1724 624 1796 hederas,
638 1726 669 1783 et
682 1726 810 1782 amantes
822 1723 908 1782 litora
920 1726 1031 1801 myrtos

285 1803 420 1879 Namque
433 1804 487 1862 sub
501 1803 621 1862 OEbaliae
634 1803 752 1862 memini
764 1823 810 1862 me
823 1803 952 1861 turribus
965 1803 1046 1876 arcis,

287 1882 351 1954 Qua
359 1883 441 1961 niger
453 1883 603 1943 humectat
616 1882 752 1941 flaventia
764 1882 844 1942 culta
857 1883 997 1956 Galaesus,

286 1961 439 2040 Corycium
451 1963 555 2022 vidisse
568 1982 673 2035 serrem,
686 1963 733 2021 oui
746 1982 836 2038 pauca
847 1961 941 2021 relicti

286 2041 308 2099 J
308 2062 397 2120 ugera
408 2043 483 2101 ruris
496 2046 594 2115 erant3
614 2063 666 2101 nec
679 2041 781 2101 fertilis
794 2042 845 2100 illa
853 2041 991 2120 juvencis,

284 2122 317 2180 N
318 2141 349 2180 cc
361 2122 456 2200 pecori
469 2125 630 2199 opportuna
643 2142 722 2199 seges
735 2141 788 2180 neo
801 2121 950 2181 commoda
963 2120 1086 2180 Baccho.

285 2201 346 2259 Hic
359 2221 456 2261 rarum
468 2204 567 2261 tamon
579 2201 610 2259 in
621 2200 715 2260 dumis
729 2201 791 2260 olus
804 2201 924 2278 albaque
938 2200 1045 2260 circum

286 2280 362 2339 Lilia
373 2282 565 2358 verbenasque
577 2301 707 2358 premens
719 2301 892 2357 vescumque
904 2300 1036 2358 papaver,

285 2360 402 2438 Regum
415 2362 545 2437 aequabat
559 2380 625 2438 opes
639 2361 758 2431 animis,
778 2380 895 2436 seraque
908 2364 1052 2418 revertens

285 2440 381 2499 Nocte
394 2441 512 2499 domum
526 2440 645 2519 dapibus
658 2460 769 2498 mensas
783 2441 918 2498 onerabat
931 2439 1054 2498 inemtis.

286 2519 401 2578 Primus
414 2540 479 2579 vere
492 2541 587 2579 rosam
599 2524 685 2598 atque
695 2523 852 2579 auctumno
865 2540 978 2596 carpere
991 2540 1084 2596 poma,

286 2599 337 2672 Et,
352 2620 440 2677 quum
452 2600 545 2659 tristis
558 2601 650 2659 hiems
664 2599 751 2659 etiam
764 2619 841 2657 nuno
854 2599 959 2677 frigore
972 2619 1040 2658 saxa

284 2678 454 2757 Rumperet,
468 2684 498 2739 et
511 2680 600 2758 glacie
614 2700 712 2739 cursus
725 2679 850 2738 frenaret
863 2699 1009 2756 aquarum,

285 2758 340 2818 Ille
353 2780 463 2819 comam
476 2760 569 2818 mollis
579 2761 640 2837 jam
653 2760 792 2818 tondebat
809 2757 969 2836 hyacinthi,

284 2839 431 2899 AEstatem
442 2840 615 2917 increpitans
629 2859 721 2897 seram
734 2839 928 2917 zephyrosque
940 2840 1093 2897 morantes.

285 2919 365 2997 Ergo
378 2920 478 2997 apibus
491 2920 557 2978 fetis
570 2919 646 2978 idem
660 2922 745 2995 atque
758 2918 886 2977 examine
899 2918 992 2976 multo

285 2998 400 3058 Primus
414 2999 564 3072 abundare,
575 3002 605 3058 et
619 2998 781 3076 spumantia
794 3018 894 3076 cogere
906 2998 1009 3074 pressis

285 3078 376 3137 Melle
387 3078 476 3151 favis3
496 3078 539 3136 illi
550 3078 621 3138 tiliae
634 3082 720 3155 atque
733 3079 876 3136 uberrima
888 3078 989 3155 pinus;

286 3159 419 3236 Quotque
431 3159 462 3217 in
475 3158 544 3218 flore
556 3179 631 3217 novo
643 3157 736 3236 pomis
749 3178 779 3217 se
791 3157 894 3216 fertilis
907 3158 990 3216 arbos

285 3237 433 3311 Induerat,
445 3238 569 3297 totidem
582 3241 736 3297 auctumno
749 3239 863 3295 matura
872 3237 999 3296 tenebat.

285 3316 340 3377 Ille
353 3318 442 3376 etiam
455 3338 529 3376 seras
542 3318 574 3376 in
586 3338 700 3378 versum
713 3317 826 3376 distulit
839 3317 941 3389 ulmos,

285 3396 468 3473 Eduramque
481 3398 576 3475 pirum
589 3402 619 3457 et
632 3397 728 3475 spinos
737 3397 799 3476 jam
811 3417 904 3474 pruna
915 3397 1048 3467 ferentes,

286 3477 410 3553 Jamque
423 3476 635 3536 ministrantem
647 3477 797 3554 platanum
809 3477 976 3554 potantibus
989 3475 1113 3534 umbras.

285 3557 395 3615 Verum
407 3556 468 3615 haec
481 3556 542 3633 ipse
556 3556 696 3634 equidem,
711 3556 810 3633 spatiis
824 3557 956 3616 exclusus
973 3555 1080 3632 iniquis

287 3636 439 3708 Praetereo,
453 3639 540 3714 atque
553 3637 614 3695 aliis
627 3640 694 3714 post
707 3656 754 3695 me
765 3637 949 3695 memoranda
961 3635 1099 3713 relinquo.

326 3716 414 3775 Nunc
426 3735 488 3794 age,
501 3720 618 3775 naturas
631 3716 731 3794 apibus
745 3735 814 3793 quas
828 3715 945 3794 Jupiter
957 3715 1018 3793 ipse

286 3795 418 3868 Addidit,
430 3795 586 3873 expediam,
598 3816 650 3874 pro
664 3814 721 3872 qua
733 3796 868 3867 mercede,
881 3815 999 3854 canoros

286 3874 426 3935 Curetum
438 3875 551 3936 sonitus
563 3875 789 3954 crepitantiaque
801 3895 858 3934 aera
871 3877 985 3947 secutae,
1077 3892 1081 3899 ·

270 3953 392 4018 Diotaeo
407 3956 474 4020 coeli
484 3977 589 4039 regem
600 3976 706 4039 pavere
718 3954 773 4016 sub
786 3957 880 4016 anuo.
