2506 4298
436 199 577 243 AENEIDOS
591 201 651 243 ΜΒ.
666 201 724 242 vn.

109 341 301 420 Sanguineam
313 344 450 419 torquens
463 341 568 415 aeiem3
588 345 757 419 torvumque
770 347 886 420 repente

109 421 241 481 Clamat:
262 420 325 480 “Io
338 424 452 493 matres,
465 422 570 493 eu'dite,
583 422 633 481 ubi
647 420 771 500 quaeque,
785 424 911 483 Latinae:

110 502 142 560 Si
155 521 212 579 qua
223 501 277 579 piis
291 500 392 559 animis
404 504 502 560 manet
514 501 632 560 infelicis
645 503 758 559 Amatne
1207 556 1212 563 .

110 581 221 653 Gratia,
234 580 259 638 si
267 580 340 660 juris
353 581 476 639 materni
488 601 555 639 eura
567 571 864 655 remordee;,1.s,3„,‹r‹
876 620 883 649 ,
915 598 972 675 μ.
1004 562 1029 629 ,ἶ
1135 574 1236 665 ζήλω-

110 661 220 719 Solvite
233 659 351 719 crinales
364 659 462 732 vittas,
477 661 568 737 capite
582 660 662 738 orgia
674 661 815 719 meeum.'’
1119 726 1126 739 Ι
1164 710 1184 745 ,7

150 740 251 799 Talem
262 739 339 799 inter
351 739 445 811 silvas,
458 739 535 798 inter
547 740 659 799 deserta
670 741 802 812 ferarum,
832 782 839 789 -
1083 716 1118 785 s?
1134 718 1197 769 ‘W

110 818 255 898 Reginum
267 819 381 878 Allecto
394 819 518 877 stimulis
532 820 592 897 agit
606 819 730 895 undique
743 819 858 879 Bacchi.

110 899 269 976 Postquam
282 899 344 957 visa
356 899 425 957 satis
438 899 544 976 primos
558 899 664 958 senisse
676 899 793 971 furores,

111 978 323 1055 Consiliumque
336 997 504 1055 omnemque
517 978 634 1037 domum
645 978 763 1037 vertisse
777 979 890 1039 Latini:

111 1058 254 1117 Protenus
267 1057 334 1116 hine
347 1058 433 1116 suseis
445 1057 538 1116 tristis
551 1058 603 1117 dea
615 1057 727 1116 tollitur
740 1058 791 1116 slis

111 1137 236 1196 Audeois
250 1136 355 1196 Rutuli
367 1137 404 1195 ed
416 1157 528 1197 muros:
549 1157 634 1215 quem
647 1137 751 1196 dieitur
763 1139 863 1197 urbem

111 1216 283 1276 Acrisioneis
296 1216 396 1276 Danae
410 1217 542 1275 fimdasse
554 1217 668 1289 colonis,

112 1296 258 1373 Praeeipiti
270 1296 364 1354 delata
375 1299 455 1355 noto.
495 1296 588 1355 Locus
601 1297 696 1355 Ardea
709 1298 851 1374 quondam

112 1376 218 1434 Diotus
231 1375 307 1449 avis3
326 1379 357 1434 et
368 1396 445 1434 nune
458 1396 595 1453 magnum
607 1379 705 1434 manet
717 1377 812 1435 Ardea
823 1397 925 1437 nomen
936 1402 943 1450 3

113 1456 170 1514 Sed
182 1456 298 1514 fortune
309 1455 375 1514 fuit.
415 1456 511 1514 Tectis
524 1455 571 1514 hio
584 1456 697 1514 Turnus
711 1456 742 1513 in
755 1456 821 1515 altis

112 1535 135 1593 J
135 1555 183 1594 am
195 1534 317 1595 mediam
330 1520 416 1613 nigri·
424 1535 557 1612 carpebat
569 1539 653 1594 noete
666 1536 799 1613 quietem.

112 1614 228 1674 Allecto
239 1617 352 1673 torvam
364 1614 465 1674 faeiem
477 1619 507 1673 et
520 1614 631 1673 furialis
643 1615 770 1674 membre

113 1695 205 1753 Exuit
214 1718 221 1766 3
240 1694 272 1752 in
283 1694 382 1753 vultus
395 1714 454 1753 sese
467 1694 651 1753 transformat
664 1695 761 1767 aniles,

112 1774 156 1832 Et
168 1774 293 1833 frontem
306 1774 456 1833 obscenam
467 1774 547 1852 mgis
560 1776 638 1845 arat3
657 1773 753 1833 induit
766 1774 843 1833 albos

113 1853 188 1912 Cum
201 1843 277 1912 vitet
289 1853 379 1912 crines
389 1878 396 1926 ;
414 1857 481 1912 tum
493 1873 604 1912 ramum
616 1853 737 1912 innectit
751 1854 848 1927 olivae3

112 1933 165 1992 Fit
178 1932 285 2011 Calybe
298 1931 321 1991 J
321 1933 422 1992 unonis
436 1954 505 1992 anus
518 1933 672 2011 templique
685 1935 829 2005 saoerd0s;

113 2013 156 2071 Et
164 2013 265 2091 juveni
278 2015 345 2072 ante
357 2013 452 2071 oeulos
467 2012 512 2070 his
526 2033 556 2071 se
569 2033 635 2071 oum
647 2012 762 2072 vooibus
776 2014 874 2072 offert:
1166 2082 1169 2089 .

153 2098 170 2124 “
179 2092 284 2165 Turne,
296 2095 344 2151 tot
357 2092 498 2152 incessum
511 2093 588 2151 fusos
601 2092 707 2170 patiere
719 2093 837 2165 labores,
858 2145 868 2155 ..
1064 2099 1097 2161 ss
1107 2094 1131 2130 ‘³
1149 2096 1164 2131 s

112 2172 155 2230 Et
167 2175 220 2230 tua
232 2171 384 2230 Dardaniis
396 2172 546 2231 transcribi
559 2175 669 2250 sceptra
682 2172 787 2231 colonis
799 2172 813 2232 Ρ

112 2251 177 2310 Rex
189 2251 245 2310 tibi
257 2251 420 2330 eonjugium
433 2255 464 2311 et
481 2251 613 2329 quaesitas
627 2252 763 2330 sanguine
775 2253 856 2311 dotes

111 2332 255 2409 Abnegat,
269 2333 456 2410 externusque
468 2331 499 2388 in
511 2351 631 2409 regnum
645 2332 782 2407 quaeritur
793 2332 884 2391 heres.

112 2411 129 2469 Ι
142 2431 228 2484 nuno,
241 2410 362 2489 ingratis
375 2411 445 2470 offer
457 2413 496 2483 te,
509 2410 597 2483 irrise,
611 2411 739 2488 periclis3

112 2491 283 2569 Tyrrhenos,
296 2490 316 2562 i,
329 2493 424 2549 sterne
437 2490 527 2550 enies·
547 2494 613 2569 tege
626 2511 694 2569 paee
708 2490 836 2550 Latinos.

112 2570 186 2629 Haeo
200 2569 337 2629 adeotibi
348 2590 403 2643 me,
415 2536 531 2648 pleeidd
538 2590 628 2647 quum
640 2573 724 2630 noete
733 2571 849 2649 jaceres,

112 2650 182 2728 Ipsa
194 2649 289 2727 palum
301 2649 355 2708 fari
368 2649 548 2726 omnipotens
562 2649 695 2708 Saturnia
703 2650 799 2728 jussit.

112 2729 206 2801 Quare
219 2749 280 2807 ege,
294 2732 324 2788 et
337 2729 441 2787 armari
453 2729 557 2806 pubem
570 2729 715 2806 portisque
727 2729 835 2789 moveri

112 2809 213 2867 Laetus
225 2808 256 2867 in
269 2828 348 2866 arma
359 2828 436 2886 para,
448 2810 479 2868 et
492 2808 643 2885 Phrygios,
657 2808 707 2884 qui
718 2808 835 2868 flumine
847 2807 966 2887 pulchro

112 2887 279 2960 Consedere,
292 2888 376 2946 duces
388 2887 536 2965 pietasque
549 2907 633 2946 exure
646 2887 762 2946 eminas.

112 2966 270 3026 Coelestum
281 2967 325 3026 vis
338 2986 444 3045 magna
451 2968 544 3046 jubet.
584 2967 648 3026 Rex
660 2966 720 3043 ipse
734 2966 864 3038 Latinus,

111 3047 155 3105 Ni
167 3047 234 3106 dare
246 3046 411 3124 eonjugium
423 3049 453 3105 et
466 3047 544 3105 dioto
557 3066 653 3123 parere
665 3046 781 3119 fatetur,

112 3126 225 3185 Sentiat
237 3129 268 3185 et
280 3127 397 3185 tandem
410 3127 540 3185 Timum
553 3126 712 3203 experiatur
723 3126 754 3184 in
768 3124 881 3184 armis.”

152 3205 211 3264 Hie
220 3206 343 3283 juvenis,
357 3209 453 3264 vatem
465 3206 593 3276 irridens,
607 3205 647 3264 sio
660 3225 723 3264 orsa
735 3204 859 3264 vicissim

112 3285 170 3344 Ore
182 3287 285 3344 refert:
307 3285 445 3345 “Classes
458 3285 584 3344 invectas
598 3285 753 3363 Thybridis
767 3285 854 3357 alveo,

111 3365 191 3437 Non,
204 3368 321 3436 utrem,
334 3385 411 3424 meas
425 3365 526 3444 effugit
540 3365 661 3423 nuncius
675 3384 764 3423 aures.

111 3445 160 3503 Ne
173 3447 270 3503 tantos
284 3445 357 3503 mihi
369 3445 446 3522 finge
459 3449 571 3504 metus:
591 3464 643 3503 neo
656 3444 734 3522 regie
747 3445 768 3502 J
769 3463 826 3501 uno
863 3516 868 3521 Ι
917 3508 921 3518 ,

112 3523 270 3582 Immemor
283 3527 327 3582 est
339 3525 440 3583 nostri.
700 3544 707 3565 -’
739 3546 745 3555 ·
788 3558 792 3563 .
914 3532 929 3555 ³
986 3538 992 3559 ⁸
1015 3554 1019 3561 ·
1064 3540 1068 3555 ’

715 3556 821 3591 ιιι,;,,
853 3570 884 3583 -.
939 3568 1007 3595 μ,

112 3603 213 3662 Sedte
226 3603 305 3663 vieta
317 3602 376 3661 situ
388 3604 503 3680 verique
516 3603 601 3662 effeta
614 3606 752 3674 senectus,
778 3636 833 3675 53„
869 3598 887 3677 ,ς
928 3616 940 3668 ,ξ
987 3613 1035 3667 js,
1067 3622 1079 3643 ··
1171 3642 1174 3649 .
1218 3624 1221 3631 ·

113 3683 254 3755 Omster,
268 3683 343 3742 euris
355 3682 547 3760 nequidquam
559 3686 678 3754 exeroet,
691 3685 721 3740 et
735 3678 814 3739 arma
845 3702 891 3775 44,-
906 3699 949 3765 a„
975 3735 991 3761 .··
1034 3716 1059 3761 2,
1095 3732 1099 3739 ,
1143 3690 1146 3699 “
1227 3688 1232 3699 “

113 3762 229 3840 Regum
243 3763 319 3821 inter
332 3742 402 3822 faut
413 3768 510 3821 vatem
522 3762 672 3821 formidine
685 3761 769 3820 lune.
876 3746 897 3779 ·’
920 3744 962 3835 ”t
1052 3772 1056 3778 ·
1085 3762 1088 3769 ·

113 3843 191 3901 Cura
202 3843 267 3915 tibi,
280 3842 379 3901 divum
392 3843 498 3920 effigies
511 3844 541 3900 et
554 3842 662 3919 templs,
674 3841 767 3912 tueri3

113 3922 196 3982 Bella
208 3922 263 3981 viri
274 3941 427 4000 pacemque
440 3924 549 4001 gerent,
565 3921 657 3999 [queis
670 3920 743 3980 belle
756 3916 923 3997 gerends.]”
