2506 4298
157 216 216 272 120
461 230 487 272 P.
501 230 641 272 vraernrr
661 230 813 274 nnsorrs.

156 371 314 442 Phoenissa,
328 374 359 429 et
371 371 477 448 pariter
490 392 577 449 puero
591 372 727 450 donisque
741 378 880 435 movetur.

156 452 213 511 Ille
225 451 275 510 ubi
289 451 436 528 complexu
450 451 548 510 AEneae
561 452 688 529 colloque
700 455 845 531 pependit,

156 533 199 590 Et
212 551 350 609 magnum
361 530 425 589 falsi
437 531 567 608 implevit
580 531 718 608 genitoris
731 553 865 606 amorem,

156 610 300 689 Reginam
313 610 395 687 petit.
437 611 510 669 Haeo
523 611 619 684 oeulis,
632 611 693 670 haec
705 617 819 690 pectore
833 617 898 674 toto

155 690 276 762 Haeret3
296 693 326 749 et
338 690 484 748 interdum
496 690 605 767 gremio
618 691 713 763 fovet3
733 692 822 751 inscia
834 693 911 752 Dido

156 770 270 828 Insidat
283 772 408 847 quantus
421 770 530 828 miserae
543 771 628 829 deus!
669 772 712 829 At
725 792 834 831 memor
846 772 895 832 ille

156 849 262 908 Matris
275 849 412 908 Acidaliae
426 849 564 926 paulatim
578 850 688 908 abolere
702 850 855 929 Sychaeum

155 930 272 1007 Incipit,
286 932 316 987 et
329 929 394 987 vivo
407 931 503 987 tentat
516 933 686 1006 praevertere
699 950 793 991 amore

4 1013 40 1077 „g
74 987 87 1041 ‚‘
105 1064 108 1069 ,
155 1009 178 1067 J
178 1029 226 1068 am
237 1009 347 1087 pridem
359 1008 463 1067 resides
477 1009 586 1067 animos
599 1009 769 1086 desuetaque
783 1012 876 1070 eorda.

195 1089 353 1166 Postquam
366 1078 458 1165 prima
471 1088 549 1165 quies
563 1089 661 1165 epulis,
676 1109 836 1167 mensaeque
848 1094 977 1164 remotae,

156 1168 287 1227 Crateras
299 1188 419 1246 magnos
432 1170 574 1239 statuunt,
588 1171 619 1226 et
631 1169 698 1226 vina
711 1174 856 1229 coronant.

155 1248 207 1306 Pit
221 1248 356 1325 strepitus
369 1248 464 1318 tectis,
477 1267 631 1324 vocemque
642 1268 693 1325 per
706 1250 800 1325 ampla
811 1252 944 1310 volutant

154 1327 257 1399 Atria;
277 1328 437 1405 dependent
450 1327 548 1404 lychni
561 1327 738 1404 laquearibus
752 1330 842 1388 aureis
1045 1367 1087 1425 ῃ
1102 1382 1120 1409 ,Σ

155 1407 277 1480 Incensi,
292 1410 322 1466 et
334 1409 449 1466 noctem
461 1405 583 1465 flammis
596 1407 702 1465 funalia
715 1407 843 1467 vineunt.

155 1487 215 1546 Hie
227 1486 326 1565 regina
338 1507 454 1564 gravem
466 1486 587 1564 gemmis
600 1507 724 1565 auroque
736 1489 866 1565 poposcit

155 1567 346 1645 Implevitque
358 1586 437 1625 mero
450 1569 586 1643 pateram,
597 1587 682 1643 quam
696 1567 792 1639 Belus,
807 1572 837 1627 et
851 1589 948 1627 omnes

154 1648 184 1705 A
197 1647 268 1706 Belo
282 1646 376 1718 soliti3
395 1648 461 1703 tum
474 1646 550 1704 faeta
563 1646 677 1704 silentia
689 1647 791 1705 tectis:

155 1732 171 1758 “
183 1726 307 1805 Jupiter,
320 1726 481 1802 hospitibus
494 1745 561 1783 nam
574 1729 604 1784 te
618 1726 683 1784 dare
692 1726 758 1804 jura
770 1727 935 1804 loquuntur,

155 1808 244 1866 Hunc
256 1807 357 1864 laetum
370 1805 520 1883 Tyriisque
533 1805 609 1863 diem
622 1806 761 1883 Trojaque
774 1807 908 1883 profectis

154 1886 227 1945 Esse
239 1885 318 1958 velis,
330 1889 499 1962 nostrosque
511 1885 596 1962 hujus
609 1885 770 1944 meminisse
783 1887 914 1946 minores.

154 1967 241 2025 Adsit
255 1966 365 2024 laetitiae
379 1965 510 2024 Bacchus
523 1964 614 2036 dator,
628 1968 658 2022 et
670 1966 746 2023 bona
759 1965 847 2024 June.

153 2047 197 2104 Et
209 2065 270 2118 vos,
283 2066 309 2117 o,
323 2048 438 2116 coetum,
453 2044 542 2121 Tyrii,
556 2044 694 2103 celebrate
707 2045 864 2104 faventes.'’

154 2125 246 2197 Dixit,
260 2128 290 2183 et
302 2125 333 2183 in
346 2144 474 2183 mensam
486 2124 604 2182 laticum
616 2124 717 2182 libavit
730 2125 876 2197 honorem,

153 2205 315 2281 Primaque,
327 2204 427 2276 libato,
441 2224 552 2261 summo
566 2207 650 2262 tenus
664 2204 765 2281 attigit
779 2225 843 2276 ore;

153 2285 230 2343 Tum
242 2283 329 2342 Bitiae
342 2283 421 2341 dedit
434 2283 622 2360 increpitans:
642 2284 690 2342 ille
702 2284 824 2361 impiger
837 2284 933 2343 hausit

154 2364 342 2441 Spumantem
354 2366 491 2440 pateram,
505 2365 535 2420 et
548 2363 631 2440 pleno
645 2383 674 2421 se
687 2364 795 2440 proluit
809 2384 893 2436 auro;

153 2444 226 2503 Post
239 2444 287 2502 alii
299 2463 435 2520 proceres.
475 2441 594 2500 Cithara
606 2443 730 2501 crinitus¹
738 2442 824 2521 Iopas

154 2523 294 2582 Personat
308 2525 415 2593 aurata,
429 2522 526 2581 docuit
539 2543 602 2598 quae
615 2522 755 2581 maximus
769 2524 861 2581 Atlas.

153 2603 213 2662 Hic
227 2603 304 2662 canit
318 2605 460 2661 errantem
472 2602 568 2659 lunam
583 2602 704 2679 solisque
717 2603 842 2674 labores;

152 2682 238 2742 Unde
250 2682 400 2741 hominum
413 2702 511 2760 genus,
525 2684 555 2739 et
568 2683 688 2758 pecudes
700 2707 707 2754 ;
727 2683 803 2741 unde
815 2682 915 2754 imber,
929 2686 960 2740 et
971 2683 1053 2761 ignes
1064 2709 1070 2755 ;

152 2766 319 2834 Arcturum,
333 2762 496 2839 pluviasque
510 2761 639 2838 Hyadas,
653 2761 837 2839 geminosque
850 2762 985 2835 Triones3

153 2842 229 2916 Quid
241 2845 358 2901 tantum
371 2861 474 2900 oceano
487 2843 638 2918 properent
652 2861 681 2900 se
694 2841 806 2918 tingere
820 2842 891 2900 soles

151 2923 284 2994 Hiberni,
298 2923 344 2981 vel
357 2942 419 2998 quae
432 2920 522 2978 tardis
534 2941 615 2978 mora
627 2921 759 2979 noctibus
773 2922 878 2979 obstet.

152 3002 339 3080 Ingeminant
352 3002 452 3078 plausu
465 2999 554 3078 Tyrii,
569 3001 713 3077 Troesque
726 3004 891 3077 sequuntur.

151 3082 215 3141 Nec
228 3102 287 3140 non
299 3084 329 3141 et
342 3080 420 3139 vario
433 3083 548 3138 noctem
561 3099 688 3139 sermone
701 3081 835 3138 trahebat

151 3161 257 3221 Infelix
270 3161 356 3232 Dido,
369 3161 542 3238 longumque
555 3159 671 3217 bibebat
685 3180 818 3232 amorem,

152 3241 250 3299 Multa
263 3261 346 3318 super
359 3240 474 3298 Priamo
487 3239 624 3316 rogitans,
638 3259 722 3316 super
735 3239 863 3299 Hectore
875 3238 985 3310 multa;

151 3321 248 3393 Nunc,
261 3320 364 3396 quibus
376 3321 497 3378 Aurorae
509 3319 634 3378 venisset
647 3319 722 3377 filius
736 3319 839 3390 armis3

151 3400 247 3472 Nune,
262 3399 358 3477 quales
370 3399 518 3457 Diomedis
531 3399 612 3476 equi;
632 3419 717 3470 nunc,
732 3402 855 3475 quantus
868 3396 1004 3456 Achilles.

152 3485 169 3511 “
180 3479 276 3538 Immo
290 3498 352 3556 age,
366 3481 395 3536 et
409 3479 538 3556 aprima,
552 3479 606 3550 dic,
619 3479 730 3556 hospes,
741 3477 850 3555 origine
862 3478 944 3537 nobis

151 3558 304 3631 Insidias,”
319 3558 422 3633 inquit,
437 3563 453 3588 “
462 3559 604 3629 Danaum,
618 3577 754 3634 casusque
767 3561 892 3629 tuorum,

151 3639 326 3715 Erroresque
338 3640 421 3708 tuos;
441 3658 509 3696 nam
522 3641 552 3696 te
561 3637 623 3714 jam
636 3638 758 3714 septima
770 3640 868 3714 portat

151 3719 292 3778 Omnibus
306 3719 448 3776 errantem
461 3716 545 3776 terris
559 3718 589 3774 et
601 3717 736 3776 fluctibus
750 3717 864 3776 estas?
