2506 4298
155 227 214 285 386
458 244 485 285 r.
499 243 794 287 mammenus

156 383 278 461 Antiqui
291 385 382 463 proles
394 385 468 444 bello
481 385 616 463 praeclara
628 386 757 459 Dolonis,

156 463 281 523 Nomine
294 485 379 523 avum
392 466 522 538 referens,
536 466 630 524 animo
643 467 829 545 manibusque
841 469 999 544 parentem:

157 544 213 616 Qui
226 545 377 621 quondam,
391 548 483 603 castra
496 548 529 603 ut
543 546 677 603 Danaum
690 547 848 623 speculator
861 548 961 620 adiret,

156 623 251 681 Ausus
265 623 372 683 Pelidae
386 626 510 702 pretium
523 624 578 683 sibi
590 645 703 701 poscere
716 646 823 684 currus.

156 702 244 761 Illum
258 704 382 782 Tydides
396 705 450 763 alio
463 725 514 782 pro
527 704 632 762 talibus
646 705 721 763 ausis

155 783 261 841 Affecit
273 784 381 862 pretio;
401 804 453 842 neo
466 784 544 861 equis
558 784 664 861 aspirat
677 784 809 844 Achillis.

155 862 245 921 Hunc
258 864 356 940 procul
368 867 402 922 ut
415 883 514 940 campo
528 864 641 921 Turnus
654 864 799 942 prospexit
813 867 921 942 aperto,

155 943 234 1001 Ante
247 943 303 1002 levi
311 943 405 1021 jaculo
418 944 537 1021 longum
551 963 601 1020 per
613 944 697 1002 inane
710 947 833 1016 secutus,

156 1021 240 1080 Sistit
253 1043 338 1099 equos
351 1023 470 1102 bijuges,
484 1025 513 1081 et
527 1043 612 1081 curru
625 1024 727 1095 desilit,
742 1027 828 1100 atque

156 1101 318 1160 Semianimi
331 1103 464 1180 lapsoque
478 1103 649 1180 supervenit,
663 1106 693 1161 et
706 1104 777 1181 pede
790 1102 872 1174 collo,

156 1181 298 1258 Impresso
311 1183 419 1241 dextrae
433 1202 596 1242 mucronem
609 1186 767 1260 extorquet,
781 1185 811 1240 et
824 1183 883 1240 alto

156 1260 329 1339 Fulgentem
342 1262 432 1340 tingit
441 1263 544 1341 jugulo
555 1287 561 1334 ;
582 1266 667 1339 atque
681 1264 741 1321 haec
755 1263 869 1340 insuper
882 1263 978 1322 addit:

156 1345 171 1371 “
180 1341 237 1413 En,
251 1361 332 1419 agros
346 1346 384 1414 et,
399 1362 484 1419 quam
496 1342 578 1414 bello,
592 1342 722 1420 Trojane
736 1342 844 1420 petisti,

154 1419 325 1498 Hesperiam
337 1421 437 1480 metire
446 1422 559 1500 jacens:
580 1421 641 1479 haec
655 1422 779 1499 praemia,
793 1421 842 1499 qui
855 1441 901 1480 me

155 1499 243 1560 Ferro
256 1501 317 1559 ausi
329 1505 449 1573 tentare,
463 1502 575 1560 ferunt:
597 1501 637 1559 sic
650 1502 757 1559 moenia
770 1501 926 1560 condunt.’'

154 1580 234 1639 Huic
247 1581 379 1640 comitem
393 1581 525 1640 Asbuten
538 1580 665 1658 conjecta
678 1581 794 1658 cuspide
806 1581 909 1653 mittit,

155 1660 333 1738 Chloriaque,
348 1661 541 1738 Sybarimque,
554 1660 727 1738 Daretaque,
741 1661 1021 1739 Thersilochumque,

154 1739 197 1798 Et
211 1741 345 1799 sternacis
359 1741 423 1818 equi
436 1740 547 1818 lapsum
560 1740 666 1799 cervice
680 1741 865 1818 Thymoeten.

154 1820 198 1877 Ac
211 1821 290 1878 velut
303 1820 399 1880 Edoni
412 1821 511 1879 Boreae
524 1840 613 1898 quum
628 1819 745 1897 spiritus
759 1821 820 1879 alto

154 1899 274 1958 Insonat
288 1901 396 1978 AEgaeo,
410 1901 591 1977 sequiturque
605 1900 641 1956 ad
653 1899 739 1958 litora
747 1900 861 1971 fluctus,
939 1951 942 1956 .

155 1979 217 2050 Qua
229 1980 310 2038 venti
322 1980 481 2051 incubuere,
495 1980 594 2057 fugam
607 1980 677 2037 dant
690 1979 789 2038 nubila
802 1980 889 2038 ooelo:

96 2089 97 2093 κ
154 2059 200 2116 Sic
214 2059 319 2132 Tmn0,
333 2080 508 2137 quacumque
521 2060 597 2117 viam
612 2061 687 2118 secat
701 2059 817 2136 agmina
830 2060 944 2131 cedunt,

154 2137 357 2216 Conversaeque
370 2143 458 2197 ruunt
472 2140 561 2210 acies3
580 2139 637 2197 fert
650 2139 774 2215 impetus
787 2139 891 2216 ipsum,

153 2218 196 2276 Et
209 2218 325 2276 cristam
338 2220 454 2277 adverso
468 2240 552 2277 curru
566 2219 660 2294 quatit
674 2239 742 2276 aura
754 2219 909 2277 volantem.

153 2297 222 2355 Non
235 2298 306 2355 tulit
318 2298 474 2356 instantem
489 2299 620 2375 Phegeus
634 2298 790 2374 animisque
803 2299 988 2357 frementem:

155 2377 267 2454 Objecit
280 2398 339 2435 sese
353 2378 388 2435 ad
402 2397 525 2448 currum,
539 2382 568 2435 et
582 2379 745 2453 spumantia
757 2378 843 2436 srenis

157 2456 214 2514 Ora
227 2457 379 2515 citatorum
393 2457 493 2515 dextra
506 2457 626 2514 detorsit
639 2477 784 2532 equorum.

155 2536 235 2593 Dum
247 2536 381 2608 trahitur,
394 2538 553 2613 pendetque
563 2537 649 2614 jugis
663 2536 740 2595 hunc
753 2537 812 2595 lata
824 2541 965 2596 retectum

155 2616 267 2674 Lancea
280 2617 468 2692 consequitur,
481 2617 644 2693 rumpitque
656 2616 744 2674 infixa
757 2617 868 2675 bilicem

155 2695 295 2769 Loricam,
309 2699 338 2755 et
352 2717 496 2754 summum
509 2697 644 2773 degustat
657 2696 773 2754 vulnere
787 2717 896 2774 corpus.

155 2775 210 2834 Ille
223 2779 320 2835 tamen
334 2777 422 2853 clipeo
436 2777 547 2854 objecto
561 2797 710 2835 conversus
724 2777 754 2833 in
767 2776 881 2835 hostem

154 2855 231 2928 Ibat,
246 2860 275 2915 et
289 2857 424 2914 auxilium
438 2858 524 2916 ducto
538 2876 671 2914 mucrone
684 2856 815 2932 petebat:

155 2936 251 3008 Quum
264 2940 328 2995 rota
340 2937 513 3013 praecipitem
526 2940 556 2994 et
569 2956 704 3013 procursu
718 2936 844 2993 concitus
859 2936 918 2995 axis

154 3015 284 3093 Impulit,
298 3017 472 3093 effunditque
486 3016 561 3088 solo;
581 3016 749 3092 Tmnusque
762 3018 875 3073 secutus

155 3094 249 3153 Imam
262 3097 337 3154 inter
350 3097 460 3174 galeam
474 3095 578 3153 summi
591 3095 716 3153 thoracis
730 3098 760 3152 et
774 3116 836 3153 oras

153 3175 285 3234 Abstulit
298 3197 363 3234 ense
376 3178 470 3253 caput,
483 3179 672 3251 truncumque
684 3174 798 3251 reliquit
811 3194 913 3232 arenae.

194 3256 291 3332 Atque
305 3276 337 3314 ea
350 3256 419 3313 dum
432 3255 538 3331 campis
552 3255 644 3313 victor
658 3255 707 3312 dat
721 3255 820 3313 sunera
834 3255 955 3326 Turnus,

154 3332 270 3392 Interea
282 3337 393 3394 AEnean
407 3335 577 3393 Mnestheus
591 3337 621 3392 et
634 3334 707 3392 fidus
722 3334 846 3392 Achates

153 3414 347 3492 Ascaniusque
361 3435 454 3474 comes
468 3415 567 3473 castris
582 3418 706 3473 statuere
720 3417 880 3486 cruentum,

154 3493 289 3552 Alterncs
302 3496 388 3573 longa
400 3495 542 3553 nitentem
555 3494 669 3570 cuspide
682 3514 804 3571 gressus.

155 3573 251 3645 Saevit,
265 3577 294 3632 et
307 3574 428 3633 infracta
440 3575 567 3633 luctatur
580 3574 716 3632 arundine
729 3574 822 3632 telum

154 3652 280 3730 Eripere,
294 3655 453 3731 auxilioque
466 3654 551 3725 viam,
566 3674 628 3731 quae
641 3653 776 3730 proxima,
790 3651 898 3730 poscit:

154 3732 231 3792 Ense
245 3738 340 3792 secent
353 3734 411 3792 lato
425 3734 536 3806 vulnus,
549 3734 655 3810 telique
668 3732 807 3792 latebram

152 3812 330 3874 Rescindant
342 3815 465 3892 penitus,
479 3833 592 3890 seseque
605 3813 636 3871 in
649 3813 723 3871 bella
735 3813 895 3871 remittant.

145 3895 277 3980 Jamque
290 3897 390 3959 aderat
402 3894 516 3955 Phoebo
528 3896 597 3954 ante
607 3892 677 3952 ahos
688 3893 806 3950 dilectus
820 3891 898 3967 Iapis

137 3979 277 4048 Iasides:
298 3981 362 4046 acri
374 3978 529 4064 quondam
539 3975 589 4038 cui
600 3976 702 4054 captus
712 3990 808 4031 amore

1058 3233 1155 3306 ἐκ.
