2506 4298
153 234 211 294 388
458 251 484 292 e.
499 250 639 292 vnasrnrr
653 249 794 292 mareins

154 397 170 424 “
182 393 272 451 Arma
284 391 336 451 citi
348 395 496 470 properate
509 393 586 451 viro!
608 392 676 470 quid
689 393 773 451 statis
783 392 820 452 ?’'
843 393 920 472 Iapis

154 472 329 541 Conclamat,
344 472 507 550 primusque
521 473 629 531 animos
643 473 771 531 accendit
784 473 815 531 in
828 474 951 533 hostem.

154 553 250 611 “Non
264 552 324 610 haec
336 552 470 610 humanis
484 553 593 630 opibus,
606 572 665 610 non
679 555 739 610 arte
754 553 893 631 magistra

154 631 341 703 Proveniunt,
354 651 445 709 neque
457 634 497 703 te,
511 632 611 704 AEnea,
624 652 688 690 mea
701 632 818 691 dextera
830 636 941 704 servat;

154 711 250 790 Major
263 711 324 789 agit
337 711 415 783 deus,
429 713 515 787 atque
529 731 613 789 opera
626 711 662 769 ad
675 712 782 789 majora
794 713 948 772 remittit.”

155 791 209 850 Ille
223 791 322 849 avidus
335 810 439 868 pugnae
452 811 530 848 suras
542 790 696 849 incluserat
709 811 777 849 auro

154 871 235 929 Hinc
248 875 334 947 atque
346 870 422 941 hinc,
436 870 551 947 oditque
564 890 667 940 moras,
680 870 848 949 hastamque
862 877 1000 931 coruscat.

154 950 313 1027 Postquam
325 949 428 1008 habilis
441 949 525 1008 lateri
538 949 643 1026 clipeus
656 949 797 1027 loricaque
809 954 892 1030 tergo
905 957 958 1024 est,

154 1030 310 1088 Ascanium
323 1029 392 1086 fusis
406 1028 512 1087 circum
526 1029 725 1106 complectitur
738 1030 832 1102 armis,

156 1110 328 1186 Summaque
340 1128 390 1186 per
403 1108 514 1186 galeam
528 1109 654 1167 delibans
668 1109 764 1167 oscula
776 1110 870 1169 satur:

78 1252 84 1269 φ
157 1194 173 1221 “
183 1189 277 1260 Disce,
291 1208 369 1266 puer,
379 1188 517 1247 virtutem
531 1208 566 1246 ex
580 1209 626 1246 me
635 1209 791 1265 verumque
803 1189 945 1262 laborem;

81 1318 85 1323 .
156 1269 317 1327 Fortunam
330 1288 364 1326 ex
378 1267 448 1326 aliis.
489 1269 576 1326 Nunc
589 1271 620 1326 tc
633 1288 696 1326 mea
709 1269 825 1327 dextera
837 1269 911 1328 bello

23 1350 43 1433 ᾖ,
156 1349 313 1407 Defensum
326 1348 415 1419 dabit,
429 1349 459 1406 et
472 1368 577 1425 magna
589 1347 665 1406 inter
679 1348 794 1425 praemia
807 1349 902 1408 ducet.

155 1428 202 1486 Tu
214 1428 309 1498 facito,
323 1446 389 1484 mox
403 1447 492 1504 quum
505 1432 619 1485 matura
632 1427 786 1486 adoleverit
799 1432 878 1501 aetas,

156 1508 201 1566 Sis
214 1527 331 1578 memor,
344 1509 374 1565 et
387 1509 426 1579 te,
440 1507 534 1564 animo
547 1509 724 1584 repetentem
738 1508 866 1585 exempla
878 1512 1008 1580 tuorum,

83 1586 87 1645 ἒ
156 1588 199 1646 Et
212 1592 293 1664 pater
306 1586 419 1658 AEneas,
433 1589 463 1644 et
476 1586 631 1645 avunculus
645 1586 750 1645 excitet
764 1587 905 1646 Hector.'’
1072 1633 1105 1687 s
1112 1634 1163 1689 A)

195 1667 268 1725 Haec
281 1666 331 1724 ubi
344 1666 422 1724 dicta
434 1666 521 1737 dedit,
534 1666 624 1743 portis
638 1685 698 1725 sese
713 1667 816 1725 extulit
830 1667 939 1745 ingens,
1086 1641 1115 1701 s

157 1746 260 1805 Telum
273 1746 396 1804 immane
408 1766 496 1803 manu
509 1746 655 1823 quatiens:
676 1746 761 1804 simul
774 1747 886 1824 agmine
899 1748 986 1806 denso

157 1826 347 1903 Antheusque
360 1825 586 1901 Mnestheusque
599 1828 704 1896 ruunt;
725 1827 871 1903 omnisque
884 1828 991 1887 relictis

158 1907 255 1964 Turba
267 1906 332 1964 fluit
346 1905 454 1963 castris.
495 1904 570 1962 Tum
584 1925 656 1963 caeco
669 1905 785 1982 pulvere
798 1926 914 1984 campus

158 1986 308 2057 Miscetur,
321 1985 460 2062 pulsuque
472 1985 577 2062 pedum
590 1985 690 2043 tremit
703 1985 796 2043 excita
807 1986 860 2044 tell
896 2031 901 2045 .

158 2065 241 2123 Vidit
254 2067 289 2124 ab
303 2065 419 2123 adverso
432 2064 578 2123 venientes
591 2084 694 2142 aggere
708 2064 831 2137 Turnus,

158 2145 262 2204 Videre
276 2143 405 2215 Ausonii,
418 2144 584 2221 gelidusque
597 2164 647 2222 per
660 2144 718 2202 ima
731 2145 856 2203 cucurrit

160 2224 232 2283 Ossa
244 2227 359 2282 tremor.
401 2223 499 2281 Prima
512 2226 579 2295 ante
592 2244 689 2282 omnes
704 2224 726 2281 J
726 2227 832 2282 uturna
845 2223 965 2283 Latinos

159 2305 263 2362 Audiit
276 2302 449 2380 agnovitque
463 2323 572 2375 sonum,
587 2306 617 2361 et
630 2303 797 2362 tremefacta
810 2304 925 2382 refugit.

159 2384 215 2441 Ille
225 2383 313 2454 volat,
326 2401 480 2458 campoque
494 2386 589 2439 atrum
602 2384 677 2458 rapit
691 2403 793 2460 agmen
808 2388 920 2461 aperto:

161 2463 258 2536 Qualis
272 2462 321 2520 ubi
335 2462 371 2519 ad
383 2465 473 2519 terras
487 2461 608 2538 abrupto
622 2462 712 2520 sidere
726 2463 839 2521 nimbus

160 2543 192 2601 It
206 2563 283 2600 mare
296 2562 346 2619 per
359 2541 501 2599 medium:
521 2542 640 2612 miseris,
653 2541 718 2613 heu,
733 2543 853 2619 praescia
864 2543 949 2620 longe

159 2623 341 2681 Horrescunt
354 2621 439 2679 corda
451 2620 580 2698 agricolis
592 2645 599 2691 ;
620 2621 699 2678 dabit
713 2622 759 2680 ille
773 2622 869 2680 ruinas

160 2703 325 2773 Arboribus,
339 2704 519 2778 stragemque
533 2700 601 2759 satis
613 2725 620 2772 ;
640 2704 704 2759 ruet
718 2702 813 2760 omnia
825 2703 899 2773 late3

161 2785 240 2841 Ante
254 2782 362 2852 volant,
377 2782 558 2858 sonitumque
571 2781 667 2839 serunt
681 2782 717 2839 ad
729 2782 815 2839 litora
824 2783 904 2841 venti
915 2807 922 2854 ;

161 2862 238 2920 Talis
251 2862 282 2919 in
295 2862 426 2920 adversos
439 2861 542 2919 ductor
555 2861 708 2919 Rhoeteius
722 2862 819 2920 hostes

161 2943 276 3019 Agmen
290 2942 368 3018 agit3
389 2941 468 2999 densi
482 2940 576 2999 cuneis
591 2960 620 2998 se
634 2941 751 3018 quisque
765 2941 870 2999 coactis

161 3022 379 3098 Agglomerant.
420 3020 501 3078 Ferit
515 3040 579 3078 ense
593 3041 709 3096 gravem
723 3021 910 3097 Thymbraeus
925 3019 1041 3093 Osirim,

161 3100 332 3158 Archetium
345 3099 524 3171 Mnestheus,
538 3100 701 3176 Epulonem
714 3100 867 3158 obtruncat
881 3101 1017 3173 Achates,

161 3179 353 3256 Ufentemque
368 3179 463 3256 Gyas;
484 3180 559 3237 cadit
572 3180 632 3256 ipse
646 3179 815 3237 Tolumnius
831 3200 930 3257 augur,

162 3259 276 3316 Primus
289 3259 320 3316 in
333 3258 464 3317 adversos
478 3259 569 3316 telum
583 3260 631 3336 qui
645 3262 767 3318 torserat
781 3259 888 3317 hostes.

162 3339 285 3396 Tollitur
298 3339 328 3395 in
342 3337 446 3396 coelum
460 3339 573 3410 clamor,
587 3340 715 3416 versique
729 3339 855 3397 vicissim

162 3418 365 3477 Pulverulenta
377 3418 446 3495 suga
459 3418 564 3476 Rutuli
577 3419 647 3476 dant
660 3423 743 3496 terga
755 3438 806 3496 per
819 3439 912 3496 agree.

161 3497 229 3574 Ipse
241 3518 332 3574 neque
346 3517 457 3556 aversos
471 3497 606 3575 dignatur
620 3501 744 3556 sternere
758 3499 862 3570 morti,

160 3577 224 3634 Nec
237 3578 308 3653 pede
321 3597 484 3655 congressos
498 3598 587 3654 aequo,
600 3598 652 3636 nec
665 3577 724 3636 tela
736 3578 859 3636 serentes

162 3656 344 3734 Insequitur:
366 3657 458 3715 solum
471 3645 562 3715 deusd
570 3658 600 3715 in
614 3657 734 3735 caligine
748 3658 879 3716 Turnum

160 3736 295 3814 Vestigat
308 3737 441 3807 lustrans,
455 3736 547 3794 solum
559 3737 591 3795 in
604 3738 759 3796 certamina
772 3737 873 3815 poscit.

159 3816 228 3877 Hoc
242 3835 377 3876 concussa
389 3819 469 3874 metu
482 3819 609 3875 mentem
623 3817 645 3874 J
645 3820 751 3876 uturna
763 3817 862 3895 virago
899 3851 905 3859 ·

153 3898 303 3982 Aurigam
316 3896 411 3960 Turni
422 3895 519 3957 media
527 3895 604 3957 inter
613 3896 679 3956 lora
687 3897 845 3955 Metiscum

149 3982 295 4064 Excutit,
308 3986 343 4047 et
355 3982 447 4064 longe
456 3979 578 4060 lapsum
586 3979 706 4038 temone
714 3975 869 4050 relmquuz
