2506 4298
58 496 63 521 ·.
160 467 232 526 Fert
244 467 372 538 humero,
386 467 572 544 gradiensque
585 467 650 525 deas
664 467 854 544 supereminet
867 489 980 528 omnes·

485 243 628 286 anemos
641 243 703 285 rm.
718 245 740 286 1.
1046 234 1103 291 115

396 323 428 365 bt
441 340 463 368 rr
474 349 483 368 ι
494 310 509 366 ν’
529 315 660 369 decano-il

160 387 240 445 Hinc
254 388 340 463 atque
352 385 419 444 hmo
432 384 628 464 glomerantur
641 386 779 445 Oreades:
799 387 848 446 illa
860 387 1022 466 pharetram
1115 368 1184 438 575⁰

159 545 280 605 Latonae
292 545 415 604 tacitum
427 549 594 623 pertentant
607 547 711 624 gaudia
722 550 838 623 peetus:
879 545 896 593 4²
909 571 915 587 .
939 574 945 587 ··
960 516 989 580 ’ζ’

160 626 239 684 Talis
253 629 314 685 erat
328 626 413 698 Dido,
427 625 516 684 talem
529 646 558 684 se
571 626 637 684 laeta
650 627 758 685 ferebat

160 705 217 764 Per
230 706 347 777 medios,
360 706 470 763 instans
484 705 562 783 operi
573 705 723 783 regnisque
736 706 850 765 futuris.

160 785 236 843 Tum
250 785 356 844 foribus
370 785 450 857 divae,
463 777 560 843 medita*
569 785 714 843 testudine
727 787 837 862 templi,
854 805 877 839 rs.
886 812 902 834 r·
914 782 934 835 „2⁰
947 796 970 837 ¹.
991 768 1041 841 ts.
1077 812 1116 847 aa
1131 814 1134 823 .
1149 773 1207 831 ,fif-
1216 779 1246 829 ”²

160 865 248 942 Septa
261 865 346 923 armis
359 865 485 942 solioque
499 864 556 923 alte
570 864 690 923 subnixa
702 866 816 923 resedit.

159 944 181 1002 J
181 965 234 1002 nra
246 945 333 1003 dabat
344 944 476 1022 legesque
488 944 565 1016 viris,
579 965 750 1022 operumque
762 946 888 1004 laborem

160 1023 296 1082 Partibus
310 1025 440 1101 aequabat
449 1024 546 1102 justis,
561 1027 611 1082 aut
625 1027 701 1083 sorte
715 1025 864 1098 trahebat3
899 1019 958 1101 sa}
972 1028 1045 1085 ast-o·
1071 1000 1179 1075 tura*
1194 1044 1202 1065 .
1218 1050 1224 1071 =
1249 1046 1253 1058 ⁴

159 1105 256 1176 Quum
269 1104 364 1162 subito
377 1104 483 1162 AEneas
497 1124 634 1162 concursu
647 1105 777 1163 accedere
790 1125 895 1182 magno
985 1104 989 1113 ‘
1009 1100 1015 1111 ‘

159 1183 277 1242 Anthea
289 1183 510 1261 Sergestumque
523 1183 602 1242 videt
614 1184 774 1262 fortemque
788 1184 969 1244 Cloanthum.

160 1262 388 1340 Teucrorumque
402 1263 479 1335 ahos,
494 1265 555 1321 ater
569 1284 638 1341 quos
652 1284 764 1341 aequore
776 1266 862 1323 turbo

160 1343 335 1420 Dispulerat‚
348 1343 517 1420 penitusque
530 1343 598 1401 alias
612 1346 743 1402 avexerat
757 1364 828 1403 oras.

121 1424 128 1433 “
159 1421 318 1499 Obstupuit
332 1423 418 1480 simul
429 1422 497 1499 ipse,
512 1422 598 1480 simul
610 1443 757 1500 percussus
771 1424 897 1482 Achates

158 1501 329 1579 Laetitiaque
341 1505 492 1579 metuque:
514 1503 590 1560 avidi
603 1503 772 1580 conjungere
787 1503 900 1562 dextras

157 1581 321 1653 Ardebant3
343 1582 392 1640 sed
404 1602 448 1640 res
462 1581 570 1640 animos
582 1582 730 1660 incognita
742 1584 850 1641 turbat.
1145 1642 1152 1653 ,
1185 1648 1188 1653 ,

156 1660 364 1734 Dissimulant3
385 1664 415 1720 et
427 1663 503 1720 nube
517 1651 591 1719 cavia*
597 1663 779 1738 speculantur
791 1662 899 1733 amicti,
920 1661 958 1725 ld
968 1702 971 1709 .
983 1702 986 1707 -
992 1708 1002 1737 q
1034 1674 1065 1710 τι
1078 1694 1099 1710 -.
1117 1683 1121 1691 ·
1156 1670 1176 1698 r'

158 1741 229 1812 Quae
242 1742 357 1799 fortuna
369 1740 437 1799 viris
448 1766 455 1813 3
476 1741 593 1800 classem
607 1762 662 1818 quo
675 1741 759 1800 litore
771 1742 904 1819 linquant
915 1765 922 1812 3
986 1740 994 1763 ”

157 1820 236 1892 Quid
247 1821 380 1880 veniant:
402 1821 512 1879 cunctis
524 1841 592 1878 nam
603 1821 671 1879 lecti
683 1821 803 1879 navibus
814 1821 905 1894 ibant,
1089 1862 1104 1897 ,s
1227 1866 1244 1885 ..

155 1899 279 1958 Orontes
290 1901 412 1972 veniam,
425 1903 455 1959 et
467 1900 608 1978 templum
621 1902 742 1960 clamore
755 1902 900 1979 petebant.
942 1876 977 1956 su
988 1921 999 1949 κ
1010 1919 1020 1947 τ
1031 1906 1045 1937 .·
1068 1892 1088 2007 ‘J
1113 1894 1131 1936 ¹²
1137 1901 1155 1937 ι’*
1186 1886 1246 1936 Just

76 2010 80 2055 ς
198 1979 356 2058 Postquam
368 1980 543 2058 introgressi,
558 1983 587 2039 et
601 2001 696 2039 coram
711 1981 778 2039 data
791 1981 872 2058 copia
883 1969 971 2050 fandi,

62 2104 65 2109 ,
157 2059 304 2118 Maximus
317 2059 442 2118 Ilioneus
455 2060 565 2138 placido
579 2060 619 2119 sic
632 2063 745 2138 pectore
759 2062 864 2138 coepit:
877 2067 955 2122 lam»
984 2079 997 2111 ³·
1033 2069 1055 2099 c.
1069 2078 1077 2099 '·
1166 2064 1186 2093 ‘⁴

76 2130 81 2143 ’
156 2139 210 2197 “0
224 2127 344 2241 Regina,
357 2160 462 2198 novam
475 2133 521 2198 cui
534 2140 652 2199 condere
666 2133 783 2218 Jupiter
794 2138 895 2200 urbem

156 2218 180 2276 J
180 2219 335 2296 ustitiaque
348 2219 427 2278 dedit
440 2221 541 2297 gentes
553 2220 662 2278 frenare
675 2221 817 2298 superbas,

157 2299 248 2357 Troes
261 2301 292 2357 te
304 2298 408 2370 miseri,
421 2300 516 2358 ventis
529 2299 619 2358 maria
631 2300 727 2358 omnia
738 2301 824 2374 vecti,
1026 2354 1034 2365 ,
1095 2364 1102 2377 ,

156 2378 296 2443 Oramus:
316 2378 435 2456 prohibe
446 2379 577 2437 infandos
591 2399 608 2437 a
620 2379 740 2438 navibus
753 2379 851 2458 ignes3
872 2394 923 2423 “r
940 2359 975 2405 t*
997 2360 1113 2389 β’
1131 2452 1141 2463 .
1158 2446 1160 2451 1
1226 2433 1242 2451 Α

157 2457 247 2516 Parce
259 2457 306 2536 pio
319 2458 424 2536 generi,
438 2462 468 2517 et
481 2455 596 2536 propius
609 2479 653 2518 res
667 2459 759 2536 aspice
772 2463 893 2518 nostras.
924 2452 944 2491 ‘⁴⁴
955 2461 971 2487 '⁸
985 2470 1021 2511 'li
1054 2458 1059 2475 ¹
1087 2460 1095 2473 “
1118 2456 1121 2467 '
1148 2456 1158 2490 ·’

155 2537 189 2596 N
189 2558 227 2596 on
239 2558 291 2596 nos
304 2541 356 2596 aut
368 2538 442 2597 ferro
454 2537 578 2616 Libycos
591 2538 725 2616 populare
737 2541 854 2617 penates

154 2616 303 2689 Venimus,
317 2618 743 2695 autraptasadlitoravertere
756 2616 901 2697 praedas:v
1144 2680 1149 2697 .

155 2696 227 2755 Non
240 2717 274 2756 ea
285 2697 329 2755 vis
342 2697 446 2770 animo,
459 2718 511 2756 nec
523 2700 607 2756 tanta
620 2698 750 2775 superbia
761 2697 855 2756 victis.
877 2738 895 2747 -.
1018 2710 1021 2715 '
1060 2690 1112 2747 ἕω
1136 2706 1142 2719 ’“
1186 2708 1194 2741 ·¹

155 2776 214 2834 Est
225 2775 313 2848 locus,
326 2776 497 2854 Hesperiam
511 2776 592 2836 Graii
605 2778 773 2856 cognomine
787 2777 896 2850 haunt,

154 2855 245 2914 Terra
257 2856 382 2934 antiqua,
395 2859 496 2934 potens
512 2857 597 2915 armis
611 2860 696 2934 atque
709 2859 795 2917 ubere
808 2858 917 2936 glebae:

154 2935 274 2994 OEnotri
287 2937 396 2995 coluere
409 2937 464 2995 viri
475 2961 482 3009 ;
502 2957 578 2995 nunc
591 2937 674 3009 fama,
688 2937 811 2996 minores

155 3014 274 3074 Italiam
286 3015 389 3075 dixisse
402 3016 481 3075 ducis
494 3016 530 3075 de
542 3017 657 3075 nomine
670 3020 795 3094 gentem.

154 3094 225 3153 Huc
238 3115 336 3154 cursus
348 3095 424 3168 fuit3

153 3174 252 3246 Quum
266 3175 361 3234 subito
374 3195 524 3253 assurgens
536 3175 628 3234 fluctu
640 3175 786 3234 nimbosus
800 3175 889 3232 Orion
983 3232 988 3239 ,

152 3253 191 3311 In
204 3255 278 3313 vada
290 3275 362 3313 caeca
373 3255 452 3327 tulit,
465 3255 635 3333 penitusque
647 3255 812 3334 procacibus
826 3253 930 3313 austris
963 3261 992 3302 a..
1005 3270 1022 3305 ι’
1032 3244 1070 3305 s‘..
1086 3240 1119 3299 'r'

152 3333 266 3412 Perque
278 3335 377 3407 undas,
390 3338 541 3413 superante
553 3335 621 3408 salo,
634 3334 830 3413 perque'invia
841 3354 908 3392 saxa
1011 3406 1013 3411 Ι
1094 3389 1104 3425 a
1151 3390 1153 3395 .

152 3413 293 3492 Dispulit.
332 3413 402 3474 Huc
415 3414 498 3492 pauci
510 3415 612 3474 vestris
625 3415 792 3493 adnavimus
806 3414 871 3473 oris.
893 3410 909 3459 l
920 3434 968 3454 Μ
1024 3408 1032 3427 '
1065 3424 1077 3449 ³*
1092 3428 1096 3435 '
1112 3424 1118 3437 ''
1134 3428 1138 3439 ¹

153 3493 240 3565 Quod
249 3514 339 3572 genus
349 3492 404 3553 hoo
413 3494 563 3553 hominum
574 3493 587 3554 Ρ
602 3515 698 3572 quaeve
707 3493 784 3553 hunc
792 3497 854 3552 tam
863 3493 982 3553 barbara
990 3512 1100 3551 morem

151 3572 305 3632 Permittit
317 3573 434 3652 patria?
454 3574 579 3652 hospitio
592 3574 776 3652 prohibemur
789 3575 896 3634 arenae!
950 3612 952 3616 ,

151 3652 236 3712 Bella
248 3653 334 3726 cient,
347 3653 494 3732 primaque
506 3657 607 3713 vetant
621 3655 773 3713 consistere
787 3657 872 3714 terra.

150 3733 184 3792 Si
195 3753 287 3812 genus
299 3732 458 3792 humanum
471 3737 501 3793 et
513 3734 646 3793 mortalia
657 3733 787 3793 temnitis
801 3753 887 3807 arma,

149 3813 194 3872 At
206 3815 319 3891 sperate
333 3813 400 3872 deos
412 3833 551 3873 memores
563 3814 642 3872 fandi
655 3816 741 3891 atque
754 3814 876 3873 nefandi.

149 3891 217 3953 Rex
229 3896 291 3952 erat
305 3892 411 3952 AEneas
424 3893 515 3966 nohis,
528 3914 585 3972 quo
593 3893 700 3973 justior
714 3893 786 3953 alter

150 3972 216 4032 Nec
222 3972 333 4049 pietate
343 3973 402 4032 fuit
411 3994 466 4033 neo
480 3974 554 4036 bello
567 3976 662 4058 major
675 3978 706 4039 et
721 3975 830 4040 armis:
