2506 4298
459 236 601 281 AENEIDOS
614 238 677 280 ΗΒ.
691 237 749 280 XII.

135 376 287 436 Concurrit
299 376 390 456 legi0;
410 399 461 438 nec
475 384 557 439 scuta
569 383 619 438 aut
632 380 739 458 spicula
750 380 830 440 densi

139 457 303 534 Deponunt.
344 458 425 517 Celso
439 461 548 518 medius
562 463 641 519 stans
654 481 757 538 aggere
770 461 863 520 fatur:

136 543 153 568 “
162 538 210 595 Ne
224 558 279 614 qua
291 538 361 596 meis
375 543 436 597 esto
451 540 534 598 dietis
548 560 635 598 mora.
676 540 793 617 Jupiter
805 541 860 600 hac
874 544 942 600 stat.

135 616 205 675 Neu
218 618 281 693 quis
295 619 332 676 ob
345 618 492 696 inceptum
505 619 633 678 subitum
646 619 719 677 mihi
732 620 846 698 segnior
858 621 909 680 ito.

137 696 248 755 Urbem
262 697 353 770 hodie,
368 719 482 759 causam
494 699 569 770 belli,
583 720 671 777 regna
683 700 744 776 ipsa
757 699 864 773 Latini,

137 776 180 834 Ni
193 777 304 834 frenum
319 778 442 855 accipere
456 782 486 836 et
498 779 570 837 victi
582 799 679 857 parere
692 780 827 851 fatentur,

138 856 256 928 Emam,
270 861 300 915 et
313 878 393 935 aequa
406 859 465 916 solo
479 859 620 917 fumantia
633 859 756 917 culmina
768 879 881 936 ponam.

139 935 253 994 Scilicet
266 941 433 1014 exspectem,
446 938 534 996 libeat
547 939 617 995 dum
630 938 728 1014 proelia
741 939 839 997 Turno

138 1017 249 1074 Nostra
261 1017 330 1093 pati,
343 1037 496 1094 rursusque
509 1017 580 1076 velit
594 1037 758 1076 concurrere
772 1017 889 1077 victus?

133 1095 205 1170 ,Hoc
220 1099 314 1172 caput,
328 1117 344 1155 o
359 1097 441 1168 cives,
455 1098 514 1155 baec
527 1097 595 1156 belli
607 1117 718 1155 summa
730 1098 853 1156 nefandi.

138 1175 226 1233 Ferte
240 1176 313 1234 faces
326 1196 451 1254 propere,
464 1177 610 1252 foedusque
622 1176 760 1254 reposcite
772 1177 924 1236 fiammis.'’

138 1254 268 1326 Dixerat,
281 1259 367 1332 atque
380 1256 481 1314 animis
494 1256 599 1333 pariter
612 1256 787 1315 certantibus
801 1277 898 1316 omnes

139 1334 221 1392 Dant
234 1355 364 1407 cuneum,
378 1336 519 1412 densaque
532 1337 568 1394 ad
580 1356 676 1394 muros
689 1336 764 1395 mole
775 1337 915 1396 feruntm.

140 1415 227 1472 Scalae
241 1415 403 1491 improviso.
418 1416 582 1493 subitusque
595 1415 727 1492 apparuit
738 1416 822 1494 ignis.

139 1494 314 1561 Discurrunt
327 1495 375 1552 alii
388 1495 424 1552 ad
437 1500 542 1572 portas,
555 1495 716 1573 primosque
729 1495 892 1567 trucidant3

140 1574 262 1631 Ferrum
275 1574 322 1632 alii
335 1577 480 1652 torquent,
493 1579 523 1634 et
537 1574 709 1633 obumbrant
722 1575 829 1634 athera
840 1576 914 1635 telis.

140 1653 208 1729 Ipse
220 1653 296 1712 inter
308 1654 414 1730 primos
428 1655 558 1713 dextram
571 1656 624 1714 sub
636 1655 742 1713 moenia
753 1655 848 1714 tendit

140 1733 254 1805 AEneas,
268 1753 426 1811 magnaque
439 1734 551 1792 incusat
564 1755 633 1795 voce
647 1734 802 1806 Latinum3

141 1813 332 1890 Testaturque
345 1813 421 1885 deos,
434 1814 540 1872 iterum
553 1834 583 1872 se
597 1814 633 1872 ad
646 1814 745 1891 proelia
758 1813 838 1892 cogi;

140 1891 193 1950 Bis
202 1893 264 1970 jam
277 1892 367 1950 Italos
380 1893 494 1965 hostes3
513 1893 577 1952 haec
591 1894 680 1952 altera
692 1894 797 1952 foedera
809 1893 911 1970 rumpi.

141 1972 279 2030 Exoritur
291 1973 416 2049 trepidos
429 1973 505 2031 inter
518 1972 656 2032 discordia
669 1973 758 2051 cives:

140 2051 250 2109 Urbem
265 2052 312 2109 alii
325 2072 446 2110 reserare
455 2053 567 2129 jubent,
581 2055 611 2111 et
624 2053 745 2130 pandere
758 2054 855 2128 portas

141 2130 321 2204 Dardanidis,
335 2132 484 2209 ipsumque
497 2132 618 2190 trahunt
631 2133 662 2190 in
675 2132 781 2190 moenia
792 2151 887 2208 regem
899 2155 906 2202 ;

141 2213 233 2269 Arma
245 2211 341 2269 ferunt
355 2212 410 2283 alii,
425 2216 455 2269 et
468 2216 592 2288 pergunt
606 2211 753 2270 defendere
765 2231 877 2269 muros:

141 2290 271 2348 Inclusas
284 2296 319 2348 ut
332 2311 420 2368 quum
433 2291 574 2350 latebroso
586 2291 617 2349 in
630 2291 741 2369 pumice
753 2294 851 2367 pastor

142 2369 306 2447 Vestigavit
319 2391 394 2447 apes,
407 2370 541 2448 fumoque
553 2371 683 2448 implevit
697 2390 809 2443 amar03

143 2450 205 2508 Illae
218 2450 297 2507 intus
311 2451 427 2528 trepidae
441 2471 535 2509 rerum
548 2471 599 2528 per
612 2471 690 2509 cerea
703 2453 796 2509 castra

142 2529 324 2601 Discurrunt,
337 2531 504 2608 magnisque
517 2534 624 2589 acuunt
637 2531 804 2589 stridoribus
816 2531 888 2588 iras:

142 2609 277 2667 Volvitur
291 2613 352 2668 ater
365 2611 435 2668 odor
447 2610 532 2669 tectis
543 2635 549 2682 ;
569 2614 634 2669 turn
647 2631 791 2669 murmure
803 2629 875 2668 oaeoo

144 2689 230 2747 Intus
244 2710 311 2747 saxa
324 2693 443 2761 sonant;
462 2710 565 2748 vacuas
578 2691 603 2747 it
616 2691 711 2747 fumus
725 2691 762 2747 ad
774 2709 864 2748 auras.

154 2805 158 2816 ι
183 2769 297 2827 Accidit
310 2768 374 2827 haec
387 2768 467 2826 fessis
481 2770 568 2827 etiam
581 2770 696 2827 fortuna
709 2768 830 2839 Latinis,
1021 2741 1115 2851 {3⁷⁵3

147 2848 217 2920 Quae
231 2851 325 2906 totam
338 2849 419 2906 luctu
431 2849 574 2906 concussit
587 2848 715 2907 funditus
729 2847 836 2906 urbem.

144 2927 257 3004 Regina
269 2931 304 2986 ut
317 2929 403 2986 tectis
415 2927 577 2985 venientem
590 2927 726 3004 prospicit
738 2927 860 2998 hostem,

144 3007 253 3066 Incessi
266 3027 371 3079 muroS,
384 3007 464 3085 ignes
478 3007 514 3064 ad
526 3010 605 3065 tecta
617 3007 721 3078 volare,

144 3087 295 3162 Nusquam
309 3088 381 3146 acies
395 3089 494 3145 contra
507 3087 641 3158 Rutulas,
654 3087 733 3144 nulla
745 3084 860 3163 agmina
873 3084 980 3156 Turni3

144 3167 249 3225 Infelix
262 3186 367 3245 pugnae
375 3167 512 3244 juvenem
524 3167 555 3223 in
568 3167 720 3225 certamine
733 3165 823 3223 credit

145 3247 331 3304 Exstinotum
344 3271 351 3318 ;
370 3249 409 3317 et,
422 3246 518 3304 subito
531 3249 658 3304 mentem
670 3246 787 3303 turbata
799 3244 902 3315 dolore,

145 3327 182 3384 Se
196 3346 309 3384 causam
323 3327 434 3398 clamat,
449 3326 619 3403 crimenque,
633 3328 774 3402 caputque
787 3323 945 3395 malorum3

144 3405 297 3481 Multaque
310 3425 360 3482 per
373 3410 506 3464 maestum
519 3407 634 3464 demens
647 3406 733 3464 effata
744 3405 875 3476 furorem,

145 3486 306 3562 Purpureos
319 3487 457 3544 moritura
469 3506 557 3543 manu
569 3485 703 3543 discindit
716 3484 845 3556 amictus

144 3566 188 3622 Et
201 3565 309 3624 nodum
321 3565 449 3623 informis
462 3566 513 3624 leti
525 3565 607 3624 trabe
620 3565 711 3624 nectit
723 3564 759 3622 ab
773 3563 839 3621 alta.

145 3645 239 3717 Quam
252 3645 360 3703 cladem
372 3645 481 3703 miscrae
494 3648 645 3722 postquam
658 3663 787 3721 accepere
799 3641 920 3713 Latinae,

145 3724 221 3782 Filia
233 3725 325 3802 prima
337 3744 425 3782 manu
437 3725 524 3783 flavos
538 3724 658 3783 Lavinia
671 3725 760 3782 crines

145 3805 187 3861 Et
201 3825 293 3863 roseas
306 3803 413 3862 laniata
426 3824 521 3881 genas,
534 3807 599 3862 tum
612 3808 706 3862 cetera
719 3803 825 3862 circum

145 3883 250 3956 Turba,
264 3885 350 3942 furit:
370 3887 504 3943 resonant
516 3884 574 3942 late
586 3883 768 3962 plangoribus
780 3881 864 3940 aedes.

145 3963 225 4022 Hinc
238 3966 329 4022 totam
343 3964 442 4024 infelix
454 3963 592 4044 vulgatur
604 3964 685 4025 fama
694 3983 747 4044 per
757 3961 876 4022 urbem.
