2506 4298
155 210 213 268 194
367 191 369 196 ⁵
456 226 637 269 r.v1na1nr1
650 226 791 270 nononis

154 368 186 426 N
187 388 218 427 ec
231 388 283 427 nos
297 367 389 428 obniti
403 371 509 440 contra,
523 388 574 427 nec
588 368 704 428 tendere
716 371 833 427 tantum
844 380 900 433 aar
914 355 990 436 [rra
1068 338 1154 408 Μζ

156 447 324 506 sufficimus.
365 448 485 526 Superat
498 447 632 524 quoniam
643 449 766 520 fortuna,
780 469 938 526 sequamur,

156 528 273 605 Quoque
286 531 378 599 vocat,
391 530 535 586 vertamus
548 527 612 586 iter.
652 528 714 587 Nec
727 529 812 587 litora
824 529 908 608 longe

156 606 229 664 Eida
241 627 304 665 reor
316 607 441 665 fraterna
454 607 556 685 Erycis
569 609 723 684 portusque
737 607 861 680 Sicanos,
895 654 905 701 y
991 652 1028 677 ,·-.
1072 654 1076 662 .

156 685 188 743 si
200 687 284 745 modo
298 687 352 745 rite
365 706 474 745 memor
487 689 599 745 servata
609 687 744 746 remetior
756 687 861 746 estra.’'
881 716 888 728 =
917 670 994 733 Μ»
1032 688 1040 715 a
1146 697 1151 703 '

155 766 230 823 Tum
244 766 306 843 pius
320 767 441 825 lEneas:
463 765 633 844 “Equidem
646 765 685 824 sic
698 787 812 843 poscere
824 770 926 827 ventos

156 844 178 902 J
179 846 341 918 amdudum,
356 848 385 904 et
398 846 504 904 flustra
516 865 600 904 cerno
613 849 643 904 te
656 847 771 905 tendere
784 850 891 906 contra.

156 925 255 984 Flecte
267 925 344 984 viam
356 925 434 983 velis.
475 926 523 982 An
537 925 575 982 sit
589 925 661 982 mihi
673 925 782 1003 gratior
794 926 861 999 ulla,

156 1005 254 1077 Quove
268 1005 359 1083 magis
371 1005 458 1064 fessas
472 1007 569 1081 optem
583 1004 733 1064 demittere
746 1011 842 1076 naves,

157 1084 249 1156 Quam
263 1105 324 1162 quae
337 1084 514 1142 Dardanium
527 1083 612 1142 tellus
626 1084 698 1142 mihi
711 1088 805 1144 servat
818 1086 951 1158 Acesten,

155 1163 198 1220 Et
210 1164 300 1240 patris
314 1164 446 1222 Anchisa
458 1163 566 1240 gremio
580 1163 778 1241 complectitur
790 1184 854 1223 ossa
862 1164 897 1224 ?’'

155 1243 228 1302 Haec
242 1243 291 1302 ubi
304 1243 388 1315 dicta,
401 1246 506 1320 petunt
518 1246 626 1320 portus,
640 1246 670 1302 et
683 1243 745 1302 vela
758 1245 873 1303 secundi
941 1302 944 1307 ,
1067 1266 1075 1279 ’·

155 1322 316 1382 Intendunt
330 1323 462 1400 zephyri3
481 1323 572 1381 fertur
585 1322 642 1381 cita
655 1323 770 1400 gurgite
783 1323 887 1397 classis,
1037 1318 1052 1363 '-

156 1403 197 1460 Et
210 1403 326 1461 tandem
339 1402 400 1461 laeti
412 1405 488 1460 notae
501 1403 690 1460 advertuntur
702 1423 801 1461 arenae.

194 1482 236 1541 At
249 1482 348 1559 procul
360 1482 467 1540 excelso
480 1481 600 1540 miratus
613 1482 718 1540 vertice
731 1481 838 1541 montis

155 1562 321 1620 Adventum
334 1562 476 1640 sociasque
489 1563 565 1620 rates
579 1561 701 1620 occurrit
714 1562 840 1634 Acestes,

155 1641 298 1700 Horridus
310 1641 452 1720 ¹injaculis
465 1644 495 1700 et
508 1641 579 1718 pelle
593 1641 750 1718 Libystidis
763 1662 851 1714 ursa,

155 1720 241 1799 Troja
254 1721 374 1779 Crimiso
387 1722 556 1798 conceptum
568 1720 684 1778 flumine
698 1723 790 1778 mater

155 1801 247 1873 Quem
261 1801 370 1879 genuit.
410 1801 548 1859 Veterum
561 1820 619 1858 non
632 1799 781 1858 immemor
792 1799 840 1859 ille
853 1804 1004 1878 parentum

155 1881 295 1939 Gratatur
307 1879 430 1952 reduces,
444 1883 474 1938 et
487 1882 557 1957 gaz‘a
570 1880 652 1937 laetus
666 1879 773 1956 agresti

154 1959 279 2037 Excipit,
293 1980 325 2018 ac
338 1960 425 2018 fessos
439 1960 538 2036 opibus
552 1959 659 2017 solatur
672 1958 778 2017 amicis.

155 2038 274 2098 Postera
287 2060 374 2117 quum
387 2039 479 2116 primo
492 2038 588 2097 stellas
601 2039 709 2097 oriente
721 2038 835 2116 brgarat

155 2118 238 2177 Clara
251 2119 318 2189 dies,
332 2119 421 2177 socios
434 2119 465 2175 in
478 2121 583 2177 coetum
596 2118 681 2176 litore
694 2118 729 2176 ab
743 2119 821 2177 omni

155 2198 285 2257 Advocat
299 2199 412 2270 AEneas,
425 2198 584 2275 tumulique
597 2217 632 2256 ex
645 2218 747 2275 aggere
759 2198 853 2256 fatur:

194 2282 210 2309 “
219 2278 389 2336 Dardanidae
402 2277 507 2355 magni,
522 2297 611 2354 genus
625 2277 684 2336 alto
698 2297 715 2335 a
728 2278 865 2354 sanguine
879 2277 988 2349 divum,

154 2358 276 2414 Annuus
290 2358 395 2415 exactis
409 2357 568 2433 completur
579 2357 723 2415 mensibus
737 2357 821 2428 orbis,

155 2437 201 2494 Ex
215 2457 270 2515 quo
284 2437 414 2514 reliquias
428 2436 570 2514 divinique
584 2456 647 2494 ossa
658 2436 783 2512 parentis

154 2515 339 2574 Condidimus
352 2519 436 2588 terra,
449 2518 619 2593 maestasque
633 2516 802 2574 sacravimus
816 2535 887 2574 aras.

155 2595 278 2673 Jamque
292 2596 359 2668 dies,
372 2596 403 2653 ni
415 2595 505 2666 fallor,
519 2596 607 2668 adest,
622 2615 705 2673 quem
719 2615 829 2672 semper
842 2596 984 2667 acerbum,

154 2676 270 2752 Semper
282 2676 454 2734 honoratum
470 2674 522 2751 (sic
536 2675 566 2732 di
577 2675 733 2750 voluistis),
746 2675 865 2734 habebo.

154 2755 243 2814 Hunc
257 2775 319 2832 ego,
333 2755 452 2813 Gaetulis
466 2774 578 2832 agerem
591 2754 615 2812 si
629 2754 761 2832 Syrtibus
774 2754 862 2826 exsul,

154 2835 322 2913 Argolicove
335 2835 407 2893 mari
420 2835 580 2911 deprensus,
594 2836 624 2892 et
636 2834 706 2893 urbe
719 2834 859 2911 Mycenae,
888 2809 993 2888 nied
1018 2807 1032 2857 l
1039 2862 1048 2884 .·
1061 2857 1080 2887 :a

154 2916 259 2972 Annua
271 2918 340 2973 vota
351 2917 448 2973 tamen
461 2914 653 2990 solemnesque
666 2913 763 2972 ordine
775 2933 893 2991 pompas

153 2995 337 3072 Exsequerer,
351 2997 543 3071 strueremque
556 2993 614 3051 suis
628 2993 727 3051 altaria
740 2993 830 3051 donis.
897 3039 905 3050 .
935 3039 947 3069 r
1139 3050 1143 3057 ,

154 3075 241 3132 Nunc
254 3074 330 3132 ultro
344 3075 380 3132 ad
393 3074 498 3132 cineres
511 3072 599 3150 ipsius
613 3075 642 3130 et
653 3093 715 3131 ossa
727 3054 967 3150 parentis-'uina
983 3052 1034 3161 ἶ]
1042 3098 1063 3125 a

153 3153 243 3211 Haud
256 3153 385 3229 equidem
399 3153 458 3212 sine
471 3155 568 3211 mente
580 3172 651 3223 reor,
665 3152 725 3210 sine
738 3153 854 3210 numine
868 3151 976 3222 divum,
996 3156 1001 3169 ‘
1020 3163 1040 3197 '-
1070 3168 1073 3172 ·
1089 3174 1092 3179 ’

153 3233 306 3304 Adsmnus,
320 3236 350 3291 et
363 3236 462 3309 portus
476 3231 563 3290 delati
575 3231 714 3290 intramus
728 3232 842 3290 amicos.

153 3312 233 3389 Ergo
247 3313 332 3390 agite,
346 3315 375 3370 et
388 3313 488 3370 laetum
501 3311 597 3370 cuncti
610 3311 781 3370 celebremus
794 3311 948 3382 honorem;

154 3391 307 3450 Poscamus
320 3395 420 3450 ventos
433 3416 439 3464 ;
460 3394 545 3469 atque
557 3391 618 3450 haec
631 3411 677 3449 me
691 3411 768 3449 sacra
782 3392 934 3468 quotannis

154 3471 232 3529 Urbe
244 3470 314 3529 velit
327 3466 420 3547 posita
432 3471 546 3548 templis
560 3471 613 3529 sibi
626 3471 697 3529 ferre
711 3470 820 3531 dicatis.

154 3549 229 3608 Bina
241 3550 328 3607 boum
340 3551 420 3608 vobis
434 3551 519 3629 Troja
532 3552 682 3628 generatus
695 3551 813 3608 Acestes

152 3629 213 3687 Dat
226 3649 343 3687 numero
357 3630 450 3706 capita
461 3630 492 3688 in
504 3650 606 3702 naves;
627 3629 759 3688 adhibete
772 3632 888 3706 penates
958 3659 960 3663 ⁷

152 3709 195 3766 Et
207 3709 312 3785 patrios
325 3709 423 3786 epulis,
436 3712 466 3768 et
479 3729 549 3787 quos
562 3709 630 3768 colit
643 3708 745 3787 hospes
758 3709 885 3768 Acestes.
939 3762 942 3767 .

152 3788 301 3860 Praeterea,
316 3788 340 3846 si
353 3808 427 3847 nona
441 3789 516 3848 diem
529 3788 696 3847 mortalibus
709 3789 817 3860 almum

145 3869 261 3928 Aurora
274 3867 409 3929 extulerit
421 3868 561 3948 radiisque
574 3868 709 3927 retexerit
722 3868 828 3939 orbem,
901 3869 918 3923 fi
931 3910 934 3917 .
979 3878 983 3885 ·
998 3882 1002 3892 ·

135 3947 242 4012 Prima
255 3951 323 4014 citae
338 3949 457 4014 Teucris
470 3969 579 4032 ponam
591 3948 747 4010 certamina
756 3947 870 4020 classis3
