2506 4298
190 221 248 279 396
495 236 522 277 1³.
536 235 675 277 vracrnn
690 234 831 278 mancum

189 377 314 436 Nomine
328 396 466 454 quemque
479 398 591 448 vocans,
604 381 761 455 notumque
774 377 912 454 efflagitat
925 398 1030 438 ensem.

189 458 295 515 AEneas
308 459 430 515 mortem
443 462 551 527 contra,
565 477 742 534 praesensque
755 457 881 515 minatur

189 537 329 608 Exitium,
344 537 368 594 si
381 535 529 613 quisquam
543 538 643 609 adeat;
662 539 807 614 terretque
819 540 985 610 trementes

190 616 362 675 Excisurum
374 617 474 675 urbem
487 617 632 688 minitans,
646 620 676 674 et
690 617 800 674 saucius
814 616 912 674 instat.

190 696 322 772 Quinque
335 696 415 754 orbes
429 696 543 774 explent
557 717 649 767 cursu,
662 697 840 787 totidemque
853 699 987 754 retexunt

190 775 259 834 Huc
272 775 348 833 illuc.
389 775 490 852 Neque
505 776 581 834 enim
594 775 668 835 levia
681 779 731 834 aut
744 775 853 833 ludicra
865 780 1004 852 petuntur

190 855 327 926 Praemia;
347 857 397 914 sed
410 855 501 913 Turni
513 857 548 914 de
561 848 623 913 virt
635 857 665 912 et
679 855 816 932 sanguine
829 858 950 914 certant.
1136 867 1199 961 sd

189 935 279 993 Forte
293 954 369 993 sacer
383 935 484 993 Fauno
497 934 571 994 foliis
585 935 706 993 oleaster
718 935 820 992 amaris
1099 923 1159 1007 ,7³

189 1014 249 1072 Hic
262 1017 390 1087 steterat,
404 1014 499 1072 nautis
513 1015 581 1073 olim
593 1014 751 1074 venerabile
763 1014 892 1091 lignum;
1091 1016 1096 1026 ’

190 1094 302 1152 Servati
315 1114 349 1152 ex
362 1094 446 1151 undis
460 1094 510 1152 ubi
523 1095 610 1171 figere
623 1094 698 1152 dona
711 1095 839 1152 solebant

189 1172 328 1231 Laurenti
341 1173 415 1244 diac,
429 1177 459 1232 et
471 1178 554 1232 votas
568 1174 737 1250 suspendere
750 1177 852 1231 vestes.

189 1252 245 1311 Sed
258 1252 376 1329 stirpem
390 1253 492 1312 Teucri
505 1254 584 1312 nullo
597 1253 757 1311 discrimine
771 1272 881 1311 sacrum

190 1332 379 1404 Sustulerant,
392 1353 463 1409 puro
478 1337 511 1391 ut
524 1335 640 1410 possent
653 1353 817 1391 concmrere
830 1352 937 1408 campo.

190 1411 250 1469 Hic
262 1413 346 1470 hasta
359 1413 457 1471 AEneae
471 1413 581 1471 stabat:
601 1413 658 1470 huc
671 1412 795 1489 impetus
808 1413 886 1470 illam

190 1492 351 1564 Detulerat‚
364 1493 451 1550 fixam
464 1496 493 1551 et
505 1493 584 1551 lenta
596 1493 626 1549 in
639 1493 732 1550 radice
744 1493 869 1550 tenebat.

190 1571 327 1630 Incubuit
340 1572 488 1648 voluitque
501 1593 588 1630 manu
601 1571 756 1630 convellere
769 1573 876 1630 serrum

191 1651 376 1723 Dardanides,
390 1652 503 1728 teloque
518 1652 604 1728 sequi,
619 1671 703 1729 quem
716 1652 852 1727 prendere
866 1672 950 1709 cursu

189 1730 260 1788 Non
272 1734 395 1808 poterat.
436 1732 512 1788 Tum
524 1751 592 1790 vero
606 1751 702 1789 amens
716 1730 867 1789 formidine
881 1732 1003 1804 Turnus

191 1815 206 1840 “
217 1810 325 1882 Faune,
339 1831 445 1888 precor,
459 1811 618 1883 miserere‚”
634 1811 745 1888 inquit;
766 1814 881 1888 “tuque
894 1813 1004 1889 optima
1016 1811 1125 1871 ferrum

190 1889 278 1948 Terra
290 1893 373 1948 tene:
394 1890 470 1949 colui
482 1894 594 1949 vestros·
606 1891 630 1948 si
643 1910 753 1967 semper
762 1891 892 1962 honores,

190 1969 268 2041 Quos
281 1973 381 2028 contra
393 1970 528 2029 AEneadae
540 1971 614 2028 bello
627 1970 716 2029 secere
729 1970 890 2046 profanos.’'

189 2048 283 2120 Dixit,
297 2070 434 2127 opemque
448 2050 495 2108 dei
507 2071 565 2109 non
579 2070 657 2108 cassa
669 2051 700 2107 in
714 2054 782 2108 vota
795 2049 917 2108 vocavit.

189 2128 324 2206 Namque
339 2130 388 2187 diu
400 2129 522 2200 luctans,
535 2130 668 2207 lentoque
682 2129 712 2187 in
726 2129 813 2206 stirpe
827 2134 964 2202 moratus,

189 2207 305 2267 Viribus
319 2209 397 2266 haud
410 2209 475 2267 ullis
489 2210 580 2267 valuit
594 2210 749 2267 discludere
763 2230 872 2266 morsus

190 2287 312 2346 Roboris
326 2289 439 2346 AEneas.
480 2289 560 2347 Dum
573 2289 678 2347 nititur
692 2309 763 2359 acer,
777 2292 806 2346 et
820 2289 919 2362 instat,

189 2367 300 2425 Rursus
314 2367 345 2425 in
358 2368 465 2444 aurigae
478 2368 579 2426 faciem
592 2371 706 2426 mutata
719 2368 836 2426 Metisci

149 2494 151 2499 ,
189 2447 345 2519 Procurrit,
358 2447 496 2523 fratrique
509 2467 605 2505 ensem
619 2447 671 2504 dea
684 2447 799 2505 Daunia
811 2447 914 2505 reddit.

189 2526 273 2598 Quod
286 2526 383 2585 Venus
398 2527 497 2584 audaci
510 2526 658 2603 Nymphae
670 2526 820 2603 indignata
833 2528 916 2586 licere

189 2606 327 2677 Accessit,
340 2606 485 2683 telumque
499 2606 559 2664 alta
572 2607 608 2665 ab
620 2606 713 2664 radice
725 2607 846 2664 revellit.

190 2685 247 2743 Olli
260 2686 403 2758 sublimes,
416 2686 501 2744 armis
515 2685 671 2762 animisque
684 2686 791 2757 refecti,

190 2765 250 2824 Hic
263 2766 358 2843 gladio
371 2766 470 2838 fidens,
483 2765 531 2824 hic
545 2786 608 2825 acer
621 2769 651 2824 et
665 2767 771 2824 arduus'
781 2766 874 2838 hasta,

189 2845 345 2904 Adsistunt
359 2849 459 2904 contra
471 2846 625 2904 certamine
639 2846 744 2904 Martis
758 2846 860 2904 anheli.

230 2924 252 2982 J
253 2946 376 2984 unonem
388 2926 497 2984 interea
510 2926 575 2984 Rex
588 2926 792 3003 omnipotentis
807 2925 924 3003 Olympi

189 3005 362 3082 Alloquitur,
376 3005 454 3064 fulva
466 3026 576 3083 pugnas
590 3006 625 3064 de
637 3006 712 3063 nube
725 3008 873 3064 tuentem:

190 3089 206 3114 “
216 3084 286 3156 Quae
295 3084 358 3162 jam
370 3085 435 3143 finis
449 3085 513 3156 erit,
528 3083 653 3163 conjux?
674 3085 743 3162 quid
756 3084 876 3162 denique
888 3083 1002 3143 restat?

190 3161 355 3241 Indigetem
368 3165 479 3223 AEnean
493 3165 547 3223 scis
560 3164 629 3241 ipsa,
643 3167 673 3222 et
687 3165 757 3222 scire
771 3164 877 3238 fateris,

189 3242 296 3302 Deberi
309 3244 388 3316 coelo,
401 3244 522 3320 fatisque
536 3245 572 3302 ad
585 3244 676 3302 sidera
688 3245 759 3302 tolli.

190 3322 266 3394 Quid
279 3323 389 3383 struis?
410 3327 461 3382 aut
474 3344 531 3399 qua
544 3344 592 3400 spe
605 3323 705 3400 gelidis
719 3324 750 3381 in
763 3323 885 3382 nubibus
899 3323 1016 3383 haeres?

188 3401 338 3461 Mortalin’
354 3403 449 3462 decuit
463 3404 562 3461 violari
574 3404 690 3461 vulnere
704 3402 825 3462 divum?

189 3482 251 3540 Aut
265 3483 471 3560 ensem—quid
484 3483 559 3540 enim
573 3483 634 3541 sine
647 3486 677 3542 te
692 3484 713 3540 J
715 3487 819 3541 utuma
831 3483 938 3542 valeret
949 3483 1003 3542 P—

189 3561 331 3638 Ereptum
344 3563 424 3621 reddi
437 3563 543 3635 Turn0,
558 3565 587 3621 et
601 3562 661 3620 vim
674 3583 795 3621 crescere
808 3563 892 3620 victis
903 3561 924 3622 Ρ·

189 3641 296 3700 Desine
304 3641 367 3719 jam
379 3643 506 3713 tandem,
520 3642 703 3720 precibusque
716 3643 859 3701 inflectere
873 3641 994 3714 nostris,

187 3721 250 3780 Nec
264 3725 294 3780 te
307 3724 408 3780 tantus
422 3722 487 3780 edat
500 3721 620 3780 tacitam
634 3723 731 3794 dolor;
752 3726 782 3780 et
795 3722 868 3780 mihi
881 3743 955 3780 curae

189 3802 267 3880 Saepe
280 3805 332 3860 tuo
347 3801 423 3859 dulci
435 3800 533 3859 tristes
547 3822 582 3860 ex
595 3821 642 3860 ore
656 3805 810 3861 recursant.

184 3883 314 3944 Ventum
327 3882 366 3944 ad
379 3901 546 3963 supremum
557 3885 612 3941 est.
649 3881 744 3940 Terris
757 3882 865 3958 agitare
878 3881 924 3939 vel
937 3880 1021 3939 undis

174 3965 320 4050 Trojanos
333 3964 482 4050 potuisti3
501 3963 658 4025 infandum
669 3960 951 4030 ascenderebebum,

1088 2909 1168 2943 cml!

1092 2956 1100 2971 Ι
1150 2952 1153 2959 .
