2506 4298
568 237 709 282 nmmos
723 239 786 280 ma.
800 238 837 280 11.

228 376 408 436 Dardanium
421 378 508 438 toties
521 380 631 439 sudarit
643 381 780 458 sanguine
792 381 861 439 litus
872 379 885 440 Ρ

228 457 300 515 Non
313 457 364 516 ita.
404 459 436 516 N
437 479 483 517 am
503 480 546 532 ue,
560 460 615 519 etsi
627 461 738 518 nullum
751 460 932 520 memorabile
945 480 1049 521 nomen

229 520 369 596 Femined
380 537 412 596 in
424 480 510 616 ροιιιι
522 543 566 598 est
578 560 631 599 neo
643 540 731 598 habet
743 541 863 599 victoria
875 541 996 613 laudem,

229 616 411 676 Exstinxisse
425 619 503 677 nefas
516 621 614 678 tamen
628 624 657 679 et
671 620 805 678 sumsisse
818 624 959 679 merentes

228 695 383 756 Laudabor
395 717 511 774 poenaa3
531 700 712 776 animumque
725 701 850 776 explesse
858 700 972 778 juvabit

228 775 352 834 Ultricis
364 777 497 850 flammae,
511 779 577 837 ct
554 799 659 838 emeres
673 779 790 837 satiasse
803 800 939 838 meorum.

229 855 314 914 Talia
320 856 475 934 jactabam,
488 823 519 917 'ee
531 858 636 917 ιιιιιιιι
648 862 744 917 mente
757 859 880 918 ferebar·
874 859 895 936 3]

230 935 328 1007 Quum
342 937 414 995 mihi
427 957 465 1010 ae,
479 957 536 996 non
550 942 617 997 ante
631 939 719 997 oculis
731 941 794 996 tam
807 939 890 1010 clara,
903 938 1054 997 videndam

231 1014 357 1088 Obtulit,
371 1019 401 1075 et
413 1036 486 1094 pura
497 1037 548 1094 per
561 1018 696 1077 noctem'
688 1037 720 1075 ιιι
731 1017 794 1076 luce
806 985 917 1077 refulsit

230 1095 321 1154 Alma
333 1115 442 1173 parens,
456 1097 583 1156 confessa
596 1097 686 1168 deam,
701 1098 845 1175 qualisque
858 1097 947 1156 videri

231 1174 375 1234 Ooelicolis
388 1180 419 1235 et
432 1179 540 1253 quanta
552 1177 641 1248 solet3
661 1143 816 1255 dixtraque
828 1178 999 1255 prehensum

231 1254 394 1326 Continuit,
407 1275 543 1332 roseoque
555 1256 638 1315 haec'
629 1276 746 1333 insuper
758 1257 868 1316 addidit
882 1278 945 1316 ore:

231 1333 337 1406 ‘,Nate
350 1335 414 1412 quia
426 1335 580 1394 indomitas
593 1339 693 1395 tantus
707 1336 787 1395 dolor
800 1337 906 1395 excitat
919 1334 999 1395 iras?

230 1413 310 1486 Quid
321 1414 415 1475 furis?
401 1414 487 1475 ιιιιι
484 1436 622 1507 ‘quonam
635 1415 728 1475 nostri
739 1416 796 1475 tibi
808 1437 876 1476 cura
888 1414 1026 1476 recessit?

229 1493 302 1551 Non
314 1493 393 1571 prius
406 1494 531 1572 aspicies,
543 1495 594 1553 ubi
606 1496 712 1555 fessum
725 1498 812 1557 aetate
824 1501 972 1574 parentem

230 1571 363 1650 Liqueris
375 1573 545 1633 Anchisen?
565 1576 679 1652 superet
691 1575 830 1653 conjuxne
844 1575 958 1648 Creusa,

230 1653 427 1731 Ascaniusque
439 1652 533 1732 puer?
553 1675 624 1732 quos
637 1674 735 1713 omnes
747 1654 873 1732 undique
887 1655 982 1714 Graiae

232 1731 348 1792 Circum
362 1737 458 1791 errant
471 1733 552 1804 acies,
566 1737 604 1805 et,
617 1734 648 1791 ni
661 1753 725 1792 mea
737 1754 806 1792 cura
817 1735 941 1806 resistat,

232 1811 254 1868 J
255 1832 303 1870 am
314 1812 436 1870 flamma
448 1778 598 1885 tuleririt,
590 1813 721 1872 mimicus
735 1817 766 1872 et
778 1814 905 1873 hauserit
918 1813 1001 1872 ensis.

231 1891 303 1950 Non
315 1892 371 1950 tibi
384 1891 554 1970 Tyndaridis
567 1858 673 1952 iacies
664 1893 757 1951 mvisa
770 1892 909 1964 Lacaenae,

234 1970 408 2050 Culpatusve
421 1971 519 2044 Paria3
539 1972 637 2030 divum
649 1973 838 2044 inclementia,
852 1973 959 2044 divum,

233 2050 298 2109 Has
311 2051 416 2110 evertit
429 2072 504 2129 opes,
517 2052 676 2130 sternitque
689 2073 706 2111 a
719 2053 841 2111 culmine
854 2052 978 2130 Trojam.

233 2131 354 2208 Aspice·
373 2151 496 2209 namque
509 2152 631 2204 omnem,
645 2153 707 2209 quae
720 2153 796 2190 nunc
810 2132 934 2191 obducta
946 2130 1042 2190 tuenti

118 2198 126 2209 “
234 2210 374 2270 Mortales
386 2211 543 2270 hebetat
516 2231 594 2270 visus
606 2177 670 2284 tibi,
684 2215 714 2270 et
726 2212 880 2270 humida
857 2232 964 2271 circum

147 2304 169 2331 ν
236 2289 358 2368 caligat,
371 2291 476 2350 nubem
489 2290 622 2370 eripiam:
642 2257 678 2350 tir
690 2311 727 2349 ne
740 2312 796 2369 qua
808 2292 934 2369 parentis

235 2369 257 2427 J
257 2390 323 2428 ussa
334 2370 415 2442 time,
428 2390 486 2429 neu
497 2371 646 2449 praeceptis
657 2391 755 2448 parere
768 2391 874 2430 recusa.

235 2449 303 2522 Hic,
315 2450 367 2509 ubi
380 2416 511 2542 ditjectas
523 2451 612 2510 molea
625 2451 778 2528 avulsaque
791 2451 865 2510 saxis

235 2529 309 2588 Saxa
320 2529 400 2588 vides
401 2529 569 2608 ,mixtoque
581 2531 739 2589 undantem
751 2531 867 2608 pulvere
879 2530 1001 2601 fumum,

235 2608 391 2687 Neptunus
403 2629 499 2668 muros
512 2629 673 2688 magnoque
685 2613 782 2669 emota
793 2610 913 2668 tridenti

236 2688 437 2748 Fundamenta
450 2690 553 2766 quatit,
566 2692 715 2767 totamque
728 2691 764 2748 ab
777 2690 890 2749 sedibus
903 2689 1003 2748 urbem

235 2767 331 2827 Emit.
371 2768 431 2828 Hic
443 2768 465 2827 J
466 2789 524 2828 uno
537 2769 627 2828 Scaeas
640 2770 793 2828 sevissima
804 2773 901 2846 portas

236 2847 334 2906 Prima
345 2851 436 2920 tenet,
449 2849 612 2927 sociumque
625 2849 721 2908 furens
735 2870 752 2908 a
764 2849 883 2908 navibus
896 2868 1000 2927 agmen

236 2927 324 2986 Ferro
337 2927 464 2987 accincta
476 2932 569 2988 vocat

236 3006 256 3065 J
258 3027 305 3066 am
318 3027 444 3066 summos
458 3028 535 3067 arces
548 3007 679 3067 Tritonia
680 3008 814 3086 ,respice
828 3008 923 3070 Pallas

235 3086 356 3160 Insedit,
369 3087 468 3147 nimbo
481 3087 619 3166 effulgens
632 3092 662 3147 et
676 3088 811 3166 Gorgone
823 3107 907 3160 saeva,

235 3166 303 3245 Ipse
316 3167 405 3226 Pater
417 3167 525 3226 Danais
539 3167 648 3226 animos
660 3168 789 3245 viresque
802 3133 938 3226 secundas

235 3246 443 3324 Sufficit;1pse
456 3246 543 3306 deos
535 3268 566 3306 ιιι
578 3247 714 3305 Dardana
726 3247 846 3306 suscitat
859 3265 945 3304 arma.

235 3326 333 3404 Eripe,
345 3293 422 3398 date,
435 3326 543 3405 fugam,
556 3327 719 3404 finemque
710 3347 825 3419 impone
837 3325 936 3384 labori.

235 3405 388 3484 Nusquam
401 3372 494 3479 abero,
507 3408 537 3465 et
548 3409 650 3465 tutum
661 3407 755 3484 patrio
767 3410 798 3466 te
810 3406 908 3464 limine
921 3404 1039 3464 sistam?

235 3485 375 3558 Dixerat,
394 3488 425 3544 et
438 3485 534 3564 spissis
546 3486 640 3546 noetis
653 3506 683 3545 sc
696 3485 824 3545 condidit
837 3485 955 3544 rnnbris.

234 3565 385 3645 Apparent
398 3565 467 3624 dirae
479 3565 755 3643 faciea',1nimicaque
768 3565 862 3644 TroJ'ae

235 3645 367 3705 Numina
378 3665 484 3723 magna
497 3645 589 3704 deum.

274 3725 379 3783 “Tum
391 3745 458 3784 vero
471 3745 555 3784 omne
568 3724 641 3783 mihi
653 3724 747 3782 visum
760 3724 903 3784 considere
916 3724 948 3783 in
959 3723 1040 3802 ignes

235 3805 334 3878 Ilium,
347 3807 379 3865 et
391 3823 426 3864 ex
438 3803 498 3897 imo
509 3804 584 3864 verti
596 3805 746 3897 Neptunia
759 3805 860 3883 Troja3

191 3890 196 3898 ’
233 3886 280 3946 Ac
291 3883 385 3944 veluti
396 3883 515 3943 summis
528 3884 696 3962 antiquam
688 3905 720 3943 m
732 3851 878 3944 montibds
891 3903 993 3941 ornum

235 3964 334 4040 Quum
345 3964 420 4024 ferro
432 3964 550 4025 ιιιιιιιιι
564 3963 725 4045 crebrisque
738 3964 912 4047 bipennibus
923 3963 1090 4067 instant

1107 3913 1214 3991 M!
