2506 4298
445 231 587 274 AEIOEIDOS
601 232 663 275 LIB.
678 233 714 274 11.

104 372 196 432 Certa
208 373 304 451 sequi:
324 393 387 450 qua
400 372 438 432 sit
451 374 535 433 rebus
548 374 671 446 fortuna,
684 373 804 435 videtis:

104 454 262 512 Excessere
274 473 382 525 omnes,
396 453 490 531 adytis
504 454 613 532 arisque
625 454 740 527 relictis,

104 532 157 605 Di,
172 533 275 610 quibus
287 533 439 610 imperium
452 533 506 591 hoc
520 537 655 605 steterat3
676 534 838 593 succurritis
851 536 915 595 urbi

106 612 254 671 Incensae:
274 612 429 671 moriamur
441 616 472 671 et
484 613 516 671 in
527 613 621 672 media
633 633 712 671 arma
724 635 847 673 ruamus.

43 707 69 727 Λ
104 691 177 750 Una
189 693 264 750 salus
277 692 361 751 victis
374 692 483 750 nullam
495 713 605 770 sperare
619 693 758 751 salutem!

106 771 155 830 Sic
169 772 271 830 animis
279 772 419 850 juvenum
431 772 510 830 furor
523 772 645 831 additus.
685 772 767 845 Inde,
780 772 841 850 lupi
853 793 906 832 ceu

105 851 251 928 Raptores
265 855 328 910 atra
339 852 370 909 in
382 852 493 923 nebula,
508 872 577 928 quos
589 852 718 929 improba
729 854 838 911 ventris

106 931 219 1008 Exegit
232 951 319 990 eaecos
332 930 432 1003 rabies,
446 932 587 1008 catulique
600 932 692 989 relicti

106 1010 253 1069 Faucibus
267 1014 432 1088 exspectant
445 1011 525 1070 siccis
538 1036 545 1083 3
564 1030 614 1088 per
627 1011 694 1083 tela,
707 1031 757 1087 per
768 1012 866 1070 hostes

106 1090 247 1148 Vadimus
260 1091 338 1148 haud
350 1091 466 1149 dubiam
478 1092 509 1149 in
521 1093 653 1162 mortem,
666 1091 823 1168 mediaeque
835 1095 966 1150 tenemus

107 1169 198 1228 Urbis
211 1170 283 1228 iter:
303 1190 361 1229 nox
374 1173 437 1228 atra
449 1190 518 1228 cava
530 1170 714 1229 circumvolat
727 1172 836 1229 umbra.

108 1248 181 1322 Quis
195 1249 303 1308 cladem
314 1249 390 1307 illius
403 1251 504 1321 noctis,
517 1250 580 1327 quis
593 1250 692 1307 frmera
704 1250 789 1309 fando

107 1329 253 1406 Explicet,
266 1332 317 1387 aut
329 1329 420 1407 possit
432 1330 554 1388 lacrimis
568 1349 677 1406 aequare
690 1329 822 1390 labores?

109 1407 188 1467 Urbs
201 1409 320 1486 antiqua
331 1409 399 1481 ruit,
411 1409 519 1467 multos
532 1409 679 1467 dominata
689 1429 740 1486 per
752 1430 857 1469 annos:

108 1487 240 1547 Plurima
251 1508 356 1566 perque
368 1489 429 1546 vias
443 1492 611 1548 stemuntur
622 1489 725 1548 inertia
738 1489 842 1566 passim

109 1566 245 1646 corpora,
257 1588 362 1646 perque
376 1569 482 1640 domos,
496 1574 526 1626 et
539 1568 670 1646 religiosa
683 1569 799 1627 deorum

108 1646 234 1707 Irimina.
274 1648 338 1707 Nec
352 1648 404 1707 soli
417 1668 513 1725 poenas
527 1648 597 1706 dant
611 1648 747 1725 sanguine
760 1648 878 1720 Teucri3

109 1727 263 1799 Quondam
276 1727 364 1786 etiam
375 1728 460 1786 victis
473 1727 547 1786 redit
560 1728 591 1785 in
604 1728 760 1804 precordia
770 1728 872 1800 virtue,

109 1806 297 1884 Victoresque
310 1807 417 1866 cadunt
430 1808 533 1865 Danai.
574 1806 702 1865 Crudelis
715 1807 820 1884 ubique

37 1916 56 1937 υ
109 1885 231 1958 Luctus,
244 1887 350 1965 ubique
361 1907 458 1964 pavor,
471 1890 502 1946 et
514 1886 750 1964 plurimamortis
763 1887 867 1964 imago.

151 1965 292 2026 “Primus
305 1986 344 2038 se,
357 1966 491 2024 Danaum
504 1986 608 2044 magna
621 1967 775 2025 comitante
789 1971 910 2039 caterva,

109 2045 281 2124 Androgeus
294 2047 378 2105 offert
390 2046 482 2118 nobis,
492 2046 567 2105 socia
579 2046 694 2123 agmina
706 2046 821 2104 credens

110 2125 234 2198 Inscius,
247 2129 334 2203 atque
346 2126 423 2184 ultro
436 2126 529 2185 verbis
542 2126 693 2202 compellat
706 2125 819 2184 amicis:

111 2205 286 2278 ‘Festinata
299 2205 369 2264 viri:
390 2225 449 2263 non
462 2224 525 2282 quae
538 2208 601 2263 tam
614 2224 675 2263 sera
686 2209 815 2264 moratur

111 2284 278 2363 segnities?
299 2285 347 2343 alii
359 2285 474 2363 rapiunt
486 2285 601 2344 incensa
612 2286 763 2362 feruntque

112 2363 269 2442 Pergama:
289 2385 341 2423 vos
354 2364 435 2423 celsis
448 2385 523 2423 nunc
535 2365 660 2442 primum
673 2364 822 2423 anavibus
835 2363 884 2422 itis
895 2362 918 2422 θ’

111 2443 197 2502 Dixit
208 2469 216 2517 ;
235 2447 266 2502 et
279 2444 552 2522 extemplo—neque
565 2445 642 2503 enim
654 2464 787 2521 responsa
800 2444 939 2503 dabantur

111 2522 187 2582 Fida
199 2524 398 2582 satis—sensit
410 2524 518 2583 medios
531 2523 660 2600 delapsus
672 2524 704 2581 in
716 2524 821 2582 hostes.

112 2603 280 2681 Obstupuit,
292 2606 425 2681 retroque
437 2604 539 2682 pedem
552 2623 618 2661 cum
630 2623 698 2661 voce
710 2603 852 2680 repressit.

112 2683 307 2760 Improvisum
319 2684 409 2760 aspris
422 2683 513 2742 veluti
526 2683 575 2760 qui
587 2682 715 2741 sentibus
729 2703 851 2760 anguem

112 2761 224 2821 Pressit
237 2763 319 2821 humi
331 2763 436 2835 nitens,
449 2762 632 2840 trepidusque
645 2766 762 2838 repente
774 2762 881 2840 refugit

111 2842 306 2901 Attollentem
317 2843 383 2915 iras,
396 2846 427 2902 et
440 2843 541 2900 caerula
553 2842 625 2901 colla
636 2843 813 2900 tumentem:

112 2921 204 2980 Haud
216 2941 295 2981 secus
307 2923 479 3000 Androgeus
491 2922 556 2979 visu
567 2914 751 2981 tremefactus
765 2920 870 2979 abibat.

111 3001 263 3074 Irruimus‚
277 3002 370 3061 densis
384 3005 414 3061 et
427 3001 679 3060 circumfimdimur
692 3000 794 3071 armis;

111 3080 290 3158 Ignarosque
303 3081 358 3141 loci
370 3081 476 3160 passim
490 3085 520 3140 et
533 3081 682 3139 formidine
696 3082 793 3156 captos

111 3160 283 3219 sternimus.
323 3161 441 3239 Aspirat
454 3161 546 3238 primo
558 3161 673 3219 fortuna
684 3158 783 3217 labori.

111 3241 211 3318 Atque
223 3240 271 3300 bic
284 3261 415 3300 successu
427 3240 571 3299 exsultans
584 3239 740 3316 animisque
754 3236 898 3309 Coroebus,

112 3319 158 3378 ‘0
172 3319 249 3392 socii,
263 3341 319 3398 qua
331 3320 440 3398 prima,’
455 3319 558 3398 inquit,
572 3320 703 3378 ‘fortuna
716 3317 815 3376 salutis

110 3399 262 3458 Monstrat
274 3400 339 3472 iter,
353 3420 463 3478 quaque
477 3399 603 3458 ostendit
616 3419 646 3457 se
659 3399 767 3469 dextra,
781 3415 946 3473 sequamur:

111 3478 264 3538 Mutamus
278 3480 391 3556 clipeos,
406 3481 593 3556 Danaumque
606 3478 729 3556 insignia
741 3477 823 3535 nobis

59 3594 81 3613 a
112 3560 265 3637 Aptemus.
305 3559 407 3632 Dolus,
421 3579 457 3618 an
469 3559 571 3630 virtus,
584 3559 647 3636 quis
660 3559 691 3615 in
704 3557 787 3615 hoste
799 3555 925 3632 requirat
938 3555 951 3614 ?

111 3639 204 3697 Arma
216 3639 327 3698 dabunt
340 3639 413 3717 ipsi’
454 3639 501 3698 Sic
514 3639 600 3710 fatus,
613 3636 714 3695 deinde
728 3640 889 3695 comantem

113 3719 261 3797 Androgei
273 3718 385 3797 galeam
398 3718 535 3796 clipeique
547 3717 659 3794 insigne
673 3717 806 3775 decorum

112 3796 260 3871 Induitur,
272 3798 411 3876 laterique
423 3798 565 3876 Argivum
578 3796 773 3856 accommodat
786 3815 890 3854 ensem.

112 3877 182 3938 Hoc
195 3877 335 3972 Rhipeus,
348 3880 403 3972 hoc
416 3879 476 3956 ipse
489 3877 610 3970 Dymas,
623 3875 769 3968 omnisque
779 3875 915 3952 juventus
1037 3940 1040 3947 Ι

112 3955 202 4019 laeta
212 3957 283 4018 facit
290 3983 300 4032 ;
319 3958 415 4036 spobrs
427 3978 459 4017 se
471 3976 589 4036 quisque
601 3955 764 4017 recentibus
778 3955 882 4017 armat.
