2506 4298
474 257 616 299 numos
629 258 692 299 LIB.
706 257 750 300 11.

140 399 271 470 Munera,
286 419 350 476 quae
363 400 463 476 patriis
477 400 514 457 ad
526 421 572 458 me
585 401 707 477 portatis
721 402 757 460 ab
770 401 836 473 oris,

138 479 252 538 Vertite
265 480 302 537 ad
315 479 434 537 AEnean.
476 479 614 539 Stetimus
627 480 686 538 tela
698 493 795 558 aspera
808 484 916 554 contra,

140 558 376 636 contulimusque
389 579 506 618 manus:
527 561 643 636 experto
656 561 770 632 credite,
784 565 908 636 quantus

138 638 177 696 In
189 638 312 716 clipeum
325 645 463 717 assurgat,
479 659 534 715 quo
548 639 663 697 turbine
676 644 809 718 torqueat
822 640 945 700 hastam.

140 718 172 776 Si
184 718 242 777 duo
255 722 391 795 praeterea
403 719 475 777 tales
489 719 567 776 Idaea
578 719 692 778 tulisset

140 797 228 856 Terra
240 799 324 871 viros,
337 798 414 856 ultro
428 798 560 856 Inachias
574 799 698 858 venisset
711 801 748 857 ad
760 801 843 858 urbes

140 877 300 950 Dardanus,
314 881 344 936 et
356 878 444 936 versis
457 879 568 955 lugeret
582 878 696 937 Gracia
707 879 784 937 fatis.

140 957 287 1035 Quidquid
299 958 374 1034 apud
388 958 467 1015 durae
481 961 622 1016 cessatum
636 961 680 1016 est
693 958 799 1017 moenia
811 959 914 1038 Trojae,
973 960 976 966 ’

140 1036 276 1096 Hectoris
290 1037 444 1114 AEneaeque
457 1057 545 1095 manu
556 1037 677 1095 victoria
690 1038 810 1096 Graium

140 1116 244 1188 Haesit,
258 1117 332 1175 etin
345 1117 486 1175 decimum
499 1116 621 1193 vestigia
632 1117 733 1176 retulit
746 1137 861 1177 annum.

140 1197 235 1255 Ambo
249 1195 359 1269 animis,
373 1197 456 1254 ambo
470 1195 595 1272 insigues
608 1198 810 1272 praestantibus
824 1198 926 1271 armis3

140 1275 200 1333 Hic
213 1276 320 1353 pietate
333 1276 418 1354 prior.
460 1276 571 1334 Coeant
584 1275 615 1333 in
628 1276 733 1334 foedera
746 1276 862 1350 dextrae,

141 1356 204 1427 Qua
217 1355 319 1414 datur:
341 1358 394 1427 ast,
408 1355 493 1413 armis
507 1359 676 1413 concurrant
690 1376 776 1428 arma,
790 1359 906 1417 cavete’

140 1435 183 1492 nt
196 1454 330 1512 responsa
342 1436 427 1494 simul
440 1455 502 1510 quae
516 1434 583 1506 sint,
596 1455 646 1493 rex
659 1435 775 1511 optime,
788 1438 864 1514 regis

139 1514 265 1587 Audisti,
279 1519 309 1573 et
323 1535 386 1591 quae
400 1515 439 1573 sit
451 1535 556 1592 magno
570 1515 712 1573 sententia
723 1516 828 1574 bello.”

179 1593 237 1652 Vix
250 1615 282 1653 ea
294 1594 399 1672 legati3
418 1594 568 1671 variusque
581 1615 630 1671 per
644 1615 692 1652 ora
705 1595 829 1653 cucurrit

140 1673 321 1732 Ausonidum
333 1675 450 1732 turbata
463 1675 585 1732 fremor:
606 1694 658 1732 ceu
671 1694 738 1732 saxa
750 1679 899 1734 morantur

141 1753 237 1824 Quum
250 1754 362 1831 rapidos
376 1774 480 1825 amnes,
495 1754 530 1812 fit
544 1754 638 1813 clauso
652 1754 766 1831 gurgite
779 1775 917 1828 murmur,

140 1832 304 1910 Vicinaeque
317 1834 444 1892 fremunt
456 1834 526 1910 ripae
539 1834 743 1911 crepitantibus
756 1835 849 1893 undis.

141 1912 185 1970 Ut
198 1913 323 1990 primum
335 1913 440 1991 placati
453 1913 549 1984 animi,
563 1917 593 1971 et
606 1914 718 1990 trepida
730 1933 780 1972 ora
792 1915 934 1991 quierunt,

141 1991 285 2051 Praefatus
298 1993 378 2051 divos
392 1993 461 2052 solio
474 2012 524 2050 rex
536 1993 602 2050 infit
615 1994 651 2052 ab
664 1994 739 2051 alto:

181 2077 197 2103 “
208 2073 287 2131 Ante
300 2073 432 2148 equidem
445 2093 557 2131 summa
570 2073 604 2131 de
617 2093 648 2131 re
661 2073 804 2145 statuisse,
818 2073 926 2147 Latini,

141 2152 184 2210 Et
197 2152 307 2223 vellem,
321 2156 351 2211 et
363 2153 456 2210 fuerat
470 2152 569 2210 melius
580 2177 586 2223 ;
606 2174 664 2211 non
676 2157 805 2230 tempore
817 2153 870 2211 tali

143 2232 250 2310 Cogere
263 2232 422 2304 concilium,
436 2253 525 2310 quum
537 2253 633 2290 muros
647 2233 752 2291 assidet
765 2233 867 2292 hostis.

140 2311 255 2370 Bellum
267 2312 473 2389 importunum,
487 2312 571 2384 cives,
585 2333 650 2370 cum
664 2316 751 2389 gente
765 2313 890 2386 deorum,

71 2422 73 2426 Α
141 2391 317 2468 Invictisque
330 2391 398 2450 viris
412 2393 545 2470 gerimus,
560 2412 630 2468 quos
643 2393 722 2451 nulla
734 2393 859 2470 fatigant

141 2470 254 2544 Proelia,
268 2491 319 2530 neo
332 2472 403 2530 victi
415 2475 536 2550 possunt
549 2472 685 2530 absistere
697 2473 780 2532 ferro.

143 2550 229 2628 Spem
243 2552 267 2609 si
280 2571 365 2627 quam
378 2552 493 2611 adscitis
507 2552 639 2611 AEtolum
651 2551 791 2611 habuistis
804 2552 835 2609 in
848 2551 941 2623 armis,

142 2629 255 2690 Ponite.
296 2631 365 2708 Spes
379 2632 433 2690 sibi
446 2632 580 2708 quisque:
601 2632 651 2689 sed
667 2632 727 2690 haec
741 2652 826 2709 quam
839 2636 962 2709 angusta
974 2631 1087 2691 videtis.

143 2709 245 2769 Cetera
258 2731 314 2788 qua
325 2731 419 2770 rerum
428 2713 543 2790 jaceant
555 2711 681 2787 perculsa
694 2711 784 2781 ruina,

143 2790 222 2849 Ante
235 2791 330 2849 oculos
343 2791 473 2867 interque
486 2810 587 2848 manus
601 2793 670 2848 sunt
683 2790 779 2848 omnia
791 2792 909 2847 vestras.

143 2869 207 2927 Nec
220 2889 390 2947 quemquam
404 2871 510 2928 incuso
551 2868 653 2927 Potuit
668 2889 730 2944 quae
743 2868 866 2946 plurima
878 2870 970 2928 virtus

143 2949 224 3022 Esse,
237 2950 302 3008 fuit.
342 2951 415 3009 Toto
428 2953 570 3008 certatum
583 2952 628 3007 est
640 2968 756 3025 corpore
768 2948 858 3026 regni.

143 3027 231 3088 Nunc
244 3030 322 3102 adeo,
336 3050 398 3106 quae
411 3031 449 3088 sit
463 3029 556 3086 dubiae
569 3028 712 3086 sententia
724 3029 824 3100 menti,

144 3108 310 3185 Expediam,
325 3114 354 3168 et
367 3109 611 3187 paucis-animos
625 3108 913 3167 adhibete-docebo.

144 3188 201 3246 Est
214 3188 348 3266 antiquus
361 3210 428 3266 ager
442 3189 534 3246 Tusco
547 3188 620 3245 mihi
632 3188 777 3265 proximus
791 3187 877 3260 amni,

144 3267 262 3345 Longus
274 3269 304 3326 in
319 3289 457 3340 occasum,
471 3269 541 3326 fines
555 3288 638 3345 super
651 3288 739 3343 usque
753 3268 884 3340 Sicanos3

144 3348 273 3406 Aurunci
286 3348 446 3424 Rutulique
459 3351 566 3419 serunt,
580 3352 610 3405 et
623 3367 736 3406 vomere
750 3347 834 3406 duros

144 3427 288 3487 Exercent
301 3429 393 3499 colles,
407 3431 493 3504 atque
506 3428 610 3485 horum
623 3428 775 3504 asperrima
787 3429 918 3504 pascunt.

144 3507 219 3565 Haec
232 3508 324 3566 omnis
337 3508 424 3584 regie,
438 3510 469 3565 et
482 3507 548 3565 celsi
560 3507 646 3584 plaga
658 3507 741 3584 pinea
753 3507 869 3577 montis,

146 3586 236 3645 Cedat
249 3587 382 3646 amicitiae
395 3587 586 3658 Teucrorum3
607 3590 637 3645 et
650 3586 761 3645 foederis
775 3605 870 3663 aequas

145 3666 282 3725 Dicamus
295 3668 379 3745 leges,
394 3667 539 3743 sociosque
552 3666 583 3723 in
596 3686 685 3744 regna
697 3686 846 3738 vocemus3

145 3746 311 3818 Considunt,
325 3747 349 3805 si
362 3750 462 3805 tantus
475 3766 562 3817 amor,
576 3750 606 3803 et
619 3745 724 3804 moenia
737 3746 870 3806 condant.

145 3825 197 3884 Sin
210 3827 279 3886 alios
293 3828 363 3886 fines
377 3826 516 3904 aliamque
530 3845 672 3902 capessere
685 3829 801 3902 gentem

146 3907 203 3964 Est
216 3907 335 3978 animus,
349 3909 525 3984 poscuntque
538 3906 597 3964 solo
611 3905 744 3965 decedere
757 3907 877 3976 nostro-4

142 3985 196 4044 Bis
208 3987 294 4046 denas
306 3986 386 4047 Italo
399 3989 532 4049 texamus
544 3986 650 4049 robore
661 4005 764 4062 naues,
