2506 4298
152 223 211 281 366
448 236 475 277 r.
489 232 629 277 erasmi
650 233 792 277 urnoms

153 384 170 412 “
178 379 272 449 Alma,
286 378 341 437 tibi
353 378 436 449 hanc,
449 397 598 436 nemorum
612 376 725 448 cultrix,
739 376 863 435 Latonia
874 377 965 456 virgo,

154 459 220 537 Ipse
233 462 315 536 pater
327 457 463 516 famulam
475 477 581 529 vove03
601 460 653 515 tua
665 457 757 534 prima
769 476 820 533 per
833 477 914 516 auras

153 539 223 597 Tela
235 544 335 597 teneus
349 538 465 614 supplex
479 537 593 596 hostem
605 536 690 613 fugit.
731 535 845 613 Accipe,
858 540 958 608 testor,

153 619 231 676 Diva
243 622 333 689 tuum,
347 638 409 694 quae
422 637 498 674 nunc
512 616 604 675 dubiis
618 615 811 675 committitur
824 616 928 674 auris.”

154 697 247 768 Dixit,
261 701 291 755 et
305 697 428 755 adducto
441 699 607 754 contortum
619 695 723 754 hastile
735 695 841 754 lacerto

154 777 312 835 Immittit:
334 796 451 834 sonuere
464 775 567 846 undae3
587 775 718 852 rapidum
731 795 815 852 super
828 795 940 834 amnem

154 857 260 916 Infelix
273 856 349 934 fugit
361 856 392 913 in
401 855 495 933 jaculo
509 854 648 912 stridente
662 853 789 913 (tamilla.

153 937 197 995 At
210 937 354 1008 Metabus,
367 926 473 1012 magna*
485 933 599 1011 propius
609 934 669 1011 jam
683 939 804 1012 urgente
818 917 939 1003 catervi)

155 1017 217 1074 Dat
231 1035 290 1074 sese
304 1015 399 1085 fluvio,
413 1017 498 1090 atque
511 1014 625 1071 hastam
639 1033 705 1073 cum
717 1014 828 1091 virgine
840 1015 933 1073 victor

155 1095 308 1154 Gramineo
322 1095 429 1153 donum
442 1093 547 1150 Triviae
561 1093 595 1152 de
609 1093 715 1170 cespite
727 1093 818 1151 vellit.

155 1175 225 1234 Non
238 1175 319 1232 illum
332 1173 417 1232 tectis
430 1173 506 1244 ullae,
520 1193 578 1231 nou
591 1173 732 1231 moenibus
745 1175 828 1231 urbes

155 1255 305 1332 Accepere,
319 1273 409 1330 neque
421 1253 482 1330 ipse
495 1272 596 1310 manus
609 1252 723 1310 feritate
737 1252 876 1324 dedisset;

156 1334 310 1392 Pastorum
323 1336 353 1392 et
368 1333 433 1391 solis
447 1332 542 1408 exegit
555 1333 702 1390 montibus
718 1352 819 1390 aevum.

156 1414 216 1472 Hic
228 1418 328 1471 natam
341 1413 372 1469 in
385 1412 479 1469 dumis
492 1412 623 1489 interque
636 1412 782 1470 horrentia
793 1413 885 1471 lustra

156 1493 330 1551 Armentalis
344 1512 422 1568 equae
436 1491 568 1549 mammis
582 1494 612 1549 et
624 1491 698 1550 lacte
711 1491 801 1550 ferino

157 1573 307 1644 Nutribat,
320 1572 425 1630 teneris
438 1570 609 1648 immulgens
622 1571 710 1628 ubera
722 1571 817 1630 labris.

156 1653 255 1728 thue
268 1652 373 1729 pedum
386 1651 484 1727 primis
496 1651 589 1709 infans
602 1650 724 1727 vestigia
735 1651 841 1728 plantis

50 1747 51 1750 ’
156 1732 318 1803 Institerat,
327 1731 422 1809 jaculo
436 1731 544 1808 palmas
558 1729 687 1788 oneravit
701 1734 794 1803 acuto,

157 1812 324 1889 Spiculaque
338 1831 372 1869 ex
384 1811 503 1868 humero
516 1829 609 1886 parvae
623 1811 770 1886 suspendit
784 1814 814 1870 et
827 1831 932 1870 arcum.

157 1891 215 1950 Pro
229 1890 327 1950 crinali
340 1910 417 1963 auro,
432 1910 483 1967 pro
496 1889 589 1967 longae
602 1889 729 1966 tegmine
742 1891 831 1966 pallae,

157 1970 282 2049 Tigridis
296 1970 405 2028 exuviae
420 1989 470 2047 per
483 1969 598 2028 dorsum
612 1969 747 2027 avertice
760 1970 894 2047 pendent.

157 2051 227 2110 Tela
239 2071 327 2108 manu
335 2050 397 2128 jam
410 2052 475 2107 tum
488 2038 588 2107 tenerd
599 2049 717 2126 puerilia
730 2050 825 2122 torsit,

157 2132 199 2188 Et
213 2130 331 2187 fundam
344 2129 430 2187 tereti
444 2129 550 2187 circum
563 2132 649 2204 caput
663 2129 723 2206 egit
737 2117 856 2201 habent}

157 2210 408 2287 Strymoniamque
421 2228 531 2286 gruem,
545 2212 596 2266 aut
609 2209 706 2267 album
719 2209 821 2286 dejecit
835 2209 948 2268 olorem.

157 2290 264 2348 Multae
276 2289 356 2345 illam
369 2287 475 2346 frustra
488 2288 638 2365 Tyrrhena
650 2308 700 2365 per
713 2289 816 2365 oppida
828 2293 934 2348 matres

157 2370 298 2446 Optavere
312 2388 432 2424 nurum:
453 2368 513 2426 sola
526 2370 661 2425 contenta
675 2368 776 2440 Diana,

157 2449 310 2507 AEtemum
323 2447 446 2504 telorum
459 2450 489 2504 et
502 2446 678 2523 virginitatis
692 2467 817 2506 amorem

157 2527 334 2586 Intemerata
348 2525 425 2584 colit.
466 2525 602 2584 “Vellem
615 2526 692 2584 haud
706 2532 836 2605 correpta
848 2528 948 2587 fuisset

156 2607 267 2667 Militia
279 2607 341 2677 tali,
355 2608 457 2663 conata
469 2604 603 2664 lacessere
617 2606 740 2665 Teucros
751 2632 757 2679 ;

157 2687 230 2746 (lara
242 2686 315 2744 mihi
328 2685 522 2762 comitumque
535 2686 608 2744 foret
621 2707 697 2744 nunc
711 2707 768 2744 una
781 2707 916 2745 mearum.

156 2763 264 2826 Verum
278 2787 339 2844 age,
353 2765 582 2842 quandoquidem
595 2766 662 2823 fatis
676 2777 793 2844 urgetur
806 2767 920 2838 acerbis,

156 2846 273 2919 Iabere,
287 2845 435 2923 Nympha,
450 2846 524 2922 polo,
537 2846 663 2921 finesque
676 2846 766 2905 invise
779 2847 908 2917 Latinos,

156 2927 259 2985 Tristis
273 2927 323 2984 ubi
334 2925 460 2983 infausto
473 2926 665 2984 committitur
678 2926 772 2984 omine
785 2946 889 3004 pugna.

155 3007 230 3064 Haee
244 3026 320 3082 cape,
334 3008 363 3064 et
377 3004 508 3064 ultricem
522 3005 655 3082 pharetra
668 3005 800 3082 deprome
814 3007 967 3084 sagittam:

155 3085 231 3157 Hac,
245 3086 414 3163 quicumque
428 3104 537 3142 sacrum
552 3084 665 3142 violarit
678 3086 793 3143 vulnere
807 3105 917 3162 corpus,

155 3165 227 3224 Tros
241 3165 378 3236 Italusue,
392 3163 465 3221 mihi
477 3165 584 3241 pariter
597 3164 646 3222 det
660 3165 797 3242 sanguine
811 3186 917 3242 poenas,

155 3244 228 3302 Post
242 3265 295 3322 ego
309 3244 384 3301 nube
397 3232 472 3301 caifa*
478 3244 644 3302 miserandae
658 3265 759 3322 corpus
773 3248 803 3303 et
817 3265 895 3303 arma

154 3322 314 3401 Inspoliata
327 3323 415 3380 feram
428 3324 549 3395 tumulo,
563 3323 717 3401 patriaque
729 3325 894 3402 reponam.”

154 3402 255 3462 Dixit:
277 3406 307 3462 at
320 3403 370 3460 illa
382 3403 457 3461 leves
471 3403 535 3462 coeli
548 3403 662 3481 delapsa
674 3425 724 3481 per
737 3424 819 3463 auras

154 3481 299 3555 Insonuit,
313 3483 397 3560 nigro
411 3483 586 3541 circumdata
598 3485 713 3543 turbine
727 3504 836 3561 corpus.

194 3563 237 3620 At
250 3582 350 3620 manus
363 3562 473 3621 interea
485 3563 573 3620 muris
588 3564 711 3642 Trojano
723 3564 904 3641 propinquat,

154 3641 326 3718 Etruscique
339 3641 432 3714 duces,
446 3642 630 3719 equitumque
644 3644 783 3702 exercitus
797 3644 898 3715 omnis,

153 3721 315 3798 Compositi
326 3741 444 3780 numero
456 3722 488 3780 in
500 3724 620 3780 turmas.
661 3723 773 3782 Fremit
786 3743 898 3801 aequore
910 3727 977 3784 toto

153 3801 303 3860 Insultans
316 3800 436 3878 sonipes,
450 3807 480 3860 et
493 3802 596 3880 pressis
610 3807 722 3881 pugnat
734 3804 853 3861 habenis

147 3882 220 3945 Huc
234 3882 371 3946 obversus
385 3883 415 3941 et
427 3881 503 3955 huc,
520 3884 587 3940 tum
598 3882 657 3941 late
670 3883 775 3941 ferreus
789 3883 880 3942 hastis

138 3966 259 4032 Horret
273 3987 355 4052 ager,
369 3963 524 4048 campique
537 3962 626 4023 armis
638 3963 808 4023 sublimibus
818 3963 929 4020 ardent.
