2506 4298
508 191 650 234 numos
663 193 725 234 LIB.
739 192 797 234 VII.

180 330 323 391 Certatim
335 352 395 392 sese
408 331 512 391 Rutuli
524 334 711 392 exhortantur
723 333 754 392 in
767 347 855 393 arma'

180 411 271 470 Hune
284 412 369 471 decus
383 413 529 490 egregium
541 414 639 472 formae
651 416 749 472 movet
762 418 848 491 atque
856 414 986 492 juvente
998 441 1005 488 ;

181 490 271 550 Hune
284 493 363 550 atavi
374 512 463 568 reges,
476 492 553 551 huno
567 494 649 552 elaris
662 494 778 552 dextera
789 494 881 552 factis.

221 570 302 629 Dum
314 572 428 629 Turnus
442 572 566 631 Rutulos
580 573 681 631 animis
695 573 846 632 audacibus
858 573 967 652 implet,

181 649 295 709 Allecto
307 651 339 708 in
352 651 474 710 'l'euoros
488 652 598 730 Stygiis
611 672 641 711 se
654 652 779 711 eoncitat
793 652 852 711 alis.

70 728 82 761 '⁴
108 772 114 805 ;
128 776 138 791 ..
181 730 255 788 Arte
267 720 342 789 novi
354 731 498 807 speculata
510 732 613 803 locum,
627 752 683 808 quo
696 732 781 790 litore
792 732 910 810 pulcher

97 830 104 869 r
181 808 299 868 Insidiis
312 831 450 887 cursuque
460 802 535 869 'feras
548 811 677 888 agitabat
690 811 780 883 Iulus,

181 888 242 947 Hie
255 890 380 948 subitam
393 890 509 949 canibus
521 891 629 949 rabiem
643 889 763 968 Cocytia
775 891 857 968 virgo

183 967 299 1047 Objieit,
313 973 343 1027 et
356 973 426 1028 noto
439 989 519 1028 nares
533 970 677 1047 contingit
690 971 783 1041 odore,

182 1046 228 1106 Ut
241 1068 356 1107 oervum
369 1049 499 1108 ardentes
513 1052 648 1126 agerent:
670 1069 733 1125 quae
746 1049 838 1126 prima
849 1050 979 1109 laborum

183 1125 277 1186 (lausa
288 1129 353 1200 fuit,
365 1129 494 1205 belloque
507 1129 616 1187 animos
630 1129 758 1187 ascendit
771 1133 905 1206 agrestes.

183 1206 291 1266 Cervus
304 1211 366 1267 erat
378 1200 631 1285 formt'praestanti
644 1211 674 1266 et
688 1208 818 1266 cornibus
831 1208 940 1286 ingens,

182 1286 334 1366 Tyrrhidae
346 1287 426 1366 pueri
439 1307 524 1364 quem
536 1288 636 1346 matris
650 1288 685 1346 ab
699 1287 783 1346 ubere
796 1292 912 1365 raptum

182 1365 352 1439 Nutribant,
367 1366 567 1445 Tyrrhenaque
580 1371 669 1445 pater,
683 1366 728 1425 oui
741 1367 819 1445 regia
830 1371 932 1445 parent

182 1446 332 1518 Armenta,
345 1449 375 1505 et
388 1447 446 1505 late
459 1447 590 1505 custodia
603 1447 710 1505 eredita
722 1446 823 1523 campi.

182 1525 341 1584 Assuetum
353 1526 477 1604 imperiis
491 1547 569 1585 soror
579 1527 658 1585 omui
671 1525 758 1584 Silvia
771 1546 839 1584 eura

182 1604 322 1663 Mollibus
334 1605 464 1664 intexens
478 1606 597 1665 omabet
611 1625 716 1665 cornua
728 1606 822 1678 certis,

182 1682 377 1763 Peotebatque
389 1685 489 1758 ferum,
501 1704 628 1763 puroque
641 1685 672 1743 in
684 1685 764 1744 fonte
777 1684 900 1743 lavabat.

182 1762 239 1822 Ille
252 1783 370 1823 manum
382 1763 502 1842 patiens,
515 1784 675 1841 mensaeque
689 1767 817 1823 assuetus
830 1763 921 1835 herili,
950 1824 956 1835 ,

183 1842 309 1902 Errabat
321 1844 416 1918 silvis3
435 1864 587 1921 rursusque
600 1845 637 1903 ad
648 1844 748 1902 limina
759 1845 830 1903 nota

183 1922 251 2000 Ipse
265 1923 382 1982 domum
396 1943 457 1982 sera
469 1924 598 2001 quamvis
612 1944 641 1983 se
654 1927 738 1982 noete
752 1924 869 1982 ferebat.

184 2001 274 2061 Hune
286 2002 385 2081 procul
397 2005 539 2063 errantem
552 2003 658 2062 rabidae
670 2002 801 2062 venantis
815 2002 874 2061 Iuli

184 2080 370 2141 commovere
383 2103 474 2156 eones,
486 2083 573 2142 fluvio
587 2104 675 2160 quum
688 2083 762 2141 forte
775 2082 898 2142 seeundo

182 2161 340 2235 Deflueret,
352 2144 468 2240 ripilque
480 2166 566 2221 estus
579 2162 720 2221 viridante
732 2163 847 2221 levaret.

182 2238 252 2319 Ipse
265 2242 361 2314 etiam,
375 2242 485 2300 eximiae
496 2242 588 2300 laudis
601 2262 751 2301 suooensus
764 2261 867 2314 amore,

182 2321 323 2380 Ascanius
337 2341 423 2380 curvo
437 2322 539 2398 direxit
554 2308 661 2400 spicula
673 2342 777 2381 eornu:

182 2399 247 2460 Neo
261 2399 368 2460 dextrae
382 2401 487 2460 erranti
501 2401 569 2460 deus
582 2401 670 2459 afuit:
692 2405 809 2479 actaque
822 2401 915 2459 multo

183 2480 295 2556 Perque
307 2483 423 2539 uterum
435 2481 532 2539 sonitu
544 2501 649 2558 perque
662 2481 711 2539 ilia
723 2481 803 2540 venit
816 2482 933 2539 arundo.

183 2559 302 2618 Saucius
315 2562 346 2618 at
360 2561 517 2637 quadrupes
529 2563 600 2619 nota
612 2561 689 2619 intra
701 2563 780 2620 tecta
792 2561 907 2638 refugit,

183 2638 380 2716 Successitque
393 2659 509 2717 gemens
523 2640 651 2712 stabulis,
665 2643 822 2717 questuque
836 2642 969 2699 eruentus

183 2719 282 2795 Atque
293 2719 459 2797 imploranti
472 2719 572 2778 similis
585 2722 696 2778 tectum
709 2739 792 2778 omne
804 2720 939 2797 replebat.

184 2798 273 2857 Silvia
284 2799 377 2876 prima
388 2819 475 2871 soror,
487 2798 590 2876 palmis
602 2819 733 2876 pereussa
743 2799 872 2870 lacertos,

183 2878 332 2936 Auxilium
344 2881 429 2937 vocat
441 2882 472 2938 et
485 2878 571 2937 duros
584 2878 742 2937 conclamat
754 2880 889 2955 agrestes.

184 2957 252 3030 Olli,
265 2957 352 3035 pestis
366 2958 443 3016 enim
454 2958 552 3017 tacitis
563 2960 637 3016 latet
650 2977 747 3035 aspera
759 2957 845 3030 silvis,
878 2995 887 3003 --

185 3037 338 3114 Improvisi
351 3037 470 3096 adsunt:
491 3037 539 3096 hie
551 3040 629 3096 torre
642 3040 767 3096 armatus
781 3038 893 3108 obusto,

185 3116 300 3195 Stipitis
312 3116 359 3176 hio
372 3117 483 3194 gravidi
495 3116 593 3176 nodis:
614 3118 690 3193 quod
703 3117 802 3193 cuique
814 3117 959 3194 repertum

184 3196 325 3268 Rimanti,
337 3196 574 3255 telumirafaeit.
614 3197 706 3256 Vocat
720 3197 834 3274 agmina
846 3195 999 3274 Tyrrheus,

185 3276 379 3348 Quadrifidam
393 3296 527 3353 quereum
541 3276 637 3335 cuneis
650 3279 680 3335 et
693 3277 767 3335 forte
780 3276 884 3334 ooaotis

85 3342 101 3373 s
116 3358 121 3365 '
184 3355 347 3428 Scindebat,
360 3358 443 3433 repta
455 3356 564 3433 spirans
577 3356 701 3414 immane
714 3355 813 3414 seeuri.

184 3435 229 3494 At
242 3455 316 3494 saeva
329 3455 344 3494 e
357 3435 477 3513 speculis
489 3440 603 3513 tempus
617 3436 670 3494 dea
682 3437 767 3494 nacta
778 3434 898 3494 nocendi

183 3515 285 3573 Ardua
296 3518 375 3574 ‘flecta
386 3515 461 3593 petit
474 3515 588 3588 stabuli,
601 3518 631 3574 et
645 3515 680 3573 de
693 3514 816 3573 eulmine
829 3533 940 3573 summo
974 3512 1000 3571 tf
1010 3496 1039 3549 1‘.‘
1055 3529 1066 3549 ε.
1090 3510 1131 3553 0«
1146 3495 1180 3547 1!
1188 3474 1203 3549 ,⁵
1224 3513 1243 3535 e

184 3592 332 3653 Pastorale
346 3594 423 3654 oanit
436 3588 558 3673 signum,
572 3615 714 3671 oomuque
727 3614 843 3654 recurvo

184 3672 353 3733 Tartaream
365 3674 491 3734 intendit
503 3694 618 3733 vooem:
640 3695 696 3750 qua
707 3676 843 3751 protenus
857 3693 941 3733 omne
969 3649 1017 3713 *fs*
1029 3691 1067 3717 υ*
1087 3698 1090 3703 ·

184 3752 368 3813 Contremuit
381 3741 490 3826 nemus,
503 3757 534 3813 et
547 3754 625 3813 silvae
638 3754 786 3813 intonuere
798 3753 954 3831 profundae,

183 3833 289 3892 Audiit
298 3836 332 3926 gt
345 3834 450 3892 Triviae
462 3834 655 3925 longenlaous3
675 3833 765 3892 audiit
779 3834 870 3926 amnis

185 3912 317 3974 sulfurea
329 3914 392 3973 Nar
405 3914 485 3973 albus
498 3933 571 3991 equa
583 3913 732 3991 sontesque
745 3913 856 3981 Vehnr;

1141 3240 1221 3323 lat
1251 3281 1253 3288 ·
