2506 4298
517 229 735 273 nurmosurs.
750 231 793 275 Π.
1071 221 1128 279 185

183 371 285 430 Unum
298 373 384 430 exuta
397 371 497 448 pedem
509 371 619 445 vinclis,
631 372 663 430 in
675 378 755 432 veste
767 363 899 449 recinctd,
915 354 1053 438 she-rste?
1077 333 1169 424 ‘testi
1196 362 1210 409 ⁶
1239 372 1253 388 ⁴

182 450 320 510 Testatur
332 451 471 511 moritura
483 451 559 524 deos,
573 455 603 510 et
615 454 727 512 conseia
739 455 793 512 fati
974 438 1138 529 'pausiae

183 530 298 603 Sidera;
318 533 391 603 tum,
405 531 430 588 si
443 531 519 607 quod
531 552 590 590 non
602 551 684 609 aequo
696 534 802 593 foedere
814 539 942 594 amantes

181 610 269 668 Ourae
281 630 388 669 numen
399 611 487 669 habet
495 610 663 688 justumque
677 633 847 691 memorque,
860 620 1000 692 precatur.

224 690 296 749 Νοκ
306 693 376 763 erat,
389 693 419 749 et
432 690 575 768 placidum
588 693 740 769 carpebant
753 694 826 752 fessa
839 714 969 772 soporem

154 744 169 827 d
185 770 312 847 Corpora
323 790 373 848 per
385 773 485 843 terras,
498 770 632 847 silvaeque
645 775 675 830 et
688 793 763 831 saeva
776 773 906 849 quierant

86 838 135 1015 W
154 856 161 925 ἱ,
185 849 329 925 AEquora3
349 869 438 926 quum
450 850 544 909 medio
557 851 712 910 volumtur
725 852 816 911 sidera
828 853 919 931 lapsu,

185 929 284 1001 Quum
295 932 373 988 tacet
386 930 478 989 omnis
491 949 567 1007 ager,
580 931 709 1007 pecudes,
722 932 862 1010 pictaeque
874 935 1011 1006 volucres,

157 1026 165 1117 q
186 1008 313 1085 Quaeque
324 1009 402 1068 lacus
414 1009 473 1068 late
485 1009 616 1086 liquidos,
629 1030 747 1087 quaeque
760 1032 857 1089 aspera
870 1014 963 1074 dumis

186 1088 269 1146 Rura
280 1092 390 1162 tenent,
403 1109 504 1148 somno
516 1089 618 1167 positas
631 1091 684 1149 sub
697 1095 781 1150 nocte
795 1092 906 1152 silenti:

188 1167 346 1245 [Lenibant
360 1189 449 1241 curas,
462 1172 493 1229 et
506 1169 591 1228 corda
604 1169 693 1228 oblita
704 1171 856 1249 laborum]

185 1249 228 1305 At
241 1267 301 1305 non
313 1248 411 1307 infelix
424 1248 511 1307 animi
524 1249 682 1321 Phoenissa,
695 1270 786 1326 neque
799 1272 925 1328 unquam

163 1337 166 1344 '
186 1326 314 1386 Solvitur
326 1327 357 1386 in
370 1348 493 1400 somnos,
507 1328 629 1388 oculisve
642 1333 693 1388 aut
706 1334 819 1406 pectore
832 1335 946 1391 noctem

184 1406 310 1483 Accipit.
350 1407 536 1486 Ingeminant
549 1427 640 1480 curae;
660 1430 812 1486 rursusque
824 1431 973 1490 resurgens

185 1487 276 1545 Saevit
289 1507 376 1560 amor,
389 1507 549 1565 magnoque
560 1489 667 1546 irarum
679 1489 801 1548 fluctuat
813 1495 896 1550 aestu.

187 1567 234 1625 Sic
249 1567 318 1626 adeo
330 1566 447 1639 insistit,
461 1588 611 1644 secumque
623 1569 667 1627 ita
679 1570 761 1627 corde
774 1570 905 1629 volutat:

186 1651 204 1679 ‘⁴
213 1647 271 1719 En,
285 1646 354 1724 quid
366 1646 444 1724 ago?
463 1668 597 1706 rursusne
609 1668 709 1725 procos
721 1649 803 1707 irrisa
815 1651 921 1726 priores

186 1725 351 1804 Experiar?
371 1727 591 1804 Nomadumque
604 1731 701 1804 petam
715 1729 856 1787 connubia
868 1729 993 1807 supplex,

188 1806 267 1878 Quos
280 1826 334 1883 ego
347 1805 402 1864 sim
413 1806 501 1865 toties
510 1807 572 1885 jam
586 1807 740 1885 dedignata
752 1808 894 1868 maritos?

187 1887 291 1944 Iliacas
304 1885 394 1964 igitur
406 1886 507 1944 classes
520 1890 605 1963 atque
618 1887 720 1945 ultima
733 1887 876 1946 Teucrum

188 1966 210 2024 J
211 1986 278 2024 usse
290 1964 413 2043 sequar?
434 1965 536 2042 quiane
549 1967 651 2025 auxilio
661 1967 745 2044 juvat
759 1970 825 2025 ante
838 1968 955 2040 levatos,

187 2047 252 2104 Aut
264 2046 336 2106 bene
349 2045 424 2122 apud
437 2065 574 2104 memores
584 2048 687 2105 veteris
701 2050 760 2105 stat
774 2048 868 2124 gratia
880 2047 974 2107 facti?

189 2125 261 2197 Quis
274 2145 320 2184 me
333 2128 438 2196 autem,
451 2125 495 2184 fac
507 2125 588 2199 velle,
601 2125 700 2186 sinet?
720 2127 865 2186 ratibusve
879 2127 1005 2206 superbis

188 2205 318 2263 Invisum
332 2203 473 2282 accipiet?
493 2205 593 2277 nescis,
606 2206 663 2264 heu
676 2205 804 2282 perdita!
824 2209 947 2266 necdum

188 2285 409 2344 Laomedonteae
422 2284 511 2343 sentis
524 2285 646 2362 perjuria
657 2285 776 2362 gentis?

189 2365 267 2436 Quid
279 2363 367 2423 tum?
388 2364 447 2423 sola
459 2365 528 2442 fuga
540 2368 642 2422 nautas
655 2365 812 2424 comitabor
825 2366 966 2426 ovantes?

188 2445 238 2502 An
251 2444 347 2522 Tyriis
360 2444 493 2521 omnique
505 2464 592 2502 manu
605 2444 712 2521 stipata
724 2465 853 2504 meorum

189 2523 325 2583 luserat?
345 2527 384 2596 et,
398 2544 468 2601 quos
482 2510 598 2582 Sidonis
609 2524 658 2582 vix
670 2524 740 2583 urbe
752 2525 857 2597 revelli,

189 2604 302 2662 Rursus
316 2605 400 2681 eg‘am
412 2603 520 2681 pelago,
534 2606 564 2662 et
577 2603 672 2662 ventis
685 2605 750 2662 dare
763 2605 826 2663 vela
834 2604 964 2682 jubebo?

189 2684 268 2756 Quin
280 2702 397 2755 morere,
410 2686 445 2741 ut
458 2683 562 2742 merita
574 2703 612 2756 es,
625 2684 753 2760 ferroque
766 2688 862 2743 averte
876 2685 1008 2744 dolorem.

189 2764 237 2822 'lli
248 2763 372 2822 lacrimis
384 2763 477 2821 evicta
488 2762 568 2835 meis,
580 2766 616 2821 tu
628 2764 720 2840 prima
731 2764 873 2822 furentem

189 2843 258 2916 His,
271 2862 413 2920 germana,
426 2842 508 2900 malis
521 2862 628 2914 oneras,
642 2847 727 2919 atque
740 2843 838 2921 objicis
850 2843 938 2901 hosti.

189 2923 261 2982 Non
272 2922 354 2982 licuit
367 2921 487 2981 thalami
500 2926 644 2999 expertem
657 2923 716 2981 sine
730 2922 846 2981 crimine
859 2923 951 2982 vitam

189 3003 312 3080 Degere,
324 3022 403 3061 more
415 3002 490 3073 ferae,
503 3001 575 3060 tales
587 3022 640 3060 nee
652 3005 770 3080 tangere
784 3003 880 3060 ouras!

189 3082 261 3141 Non
274 3085 386 3141 servata
397 3081 476 3153 fides,
490 3081 576 3140 cineri
589 3082 727 3158 promissa
740 3082 860 3159 Sychaeo
869 3082 896 3140 l'’
979 3115 986 3131 ·

192 3162 301 3220 Tantos
313 3161 363 3220 illa
375 3181 426 3220 suo
439 3162 589 3238 rumpebat
601 3164 715 3238 pectore
728 3164 864 3237 questus..

231 3241 337 3300 AEnens
350 3241 424 3300 celsa
435 3240 465 3299 in
478 3240 575 3318 puppi,
584 3241 646 3319 jam
660 3244 753 3299 certus
766 3241 861 3315 eundi,

192 3320 334 3398 Carpebat
346 3341 469 3393 somnos,
482 3321 565 3379 rebus
574 3321 636 3399 jam
648 3321 704 3380 rite
716 3319 832 3397 paratis.

192 3401 273 3459 Huic
287 3421 317 3458 se
329 3401 421 3460 forma
434 3399 480 3459 dei
491 3400 577 3459 vultu
589 3401 733 3460 redeuntis
747 3400 847 3458 eodem

192 3479 309 3540 Obtulit
321 3479 350 3538 in
365 3479 480 3551 somnis,
493 3499 644 3556 rursusque
657 3481 699 3539 ita
711 3480 773 3538 risa
785 3498 899 3538 monere
912 3482 965 3552 est,

192 3559 299 3618 Omnia
309 3559 454 3618 Mercurio
466 3559 575 3631 similis,
588 3579 741 3637 vocemque
754 3559 931 3636 coloremque

86 3662 106 3699 s,
131 3686 135 3701 .
157 3678 180 3703 .-·.
192 3641 236 3701 Et
249 3639 340 3699 crines
352 3639 448 3711 flavos,
461 3641 491 3698 et
505 3641 632 3698 membra
644 3640 745 3700 decora
753 3639 898 3718 juventae:

102 3760 109 3781 ι
171 3792 175 3799 .
193 3725 210 3752 “
219 3720 301 3779 Nate
313 3719 374 3792 dea,
386 3721 468 3796 potes
480 3718 536 3777 hoo
549 3720 602 3777 sub
615 3740 681 3778 casu
694 3720 795 3778 ducere
808 3718 946 3778 somnos?

151 3820 154 3825 ’
170 3814 174 3821 ·
192 3800 266 3874 Nec,
279 3818 344 3877 quae
355 3801 386 3857 te
399 3797 506 3857 circum
519 3801 598 3858 stent
610 3799 711 3859 deinde
723 3797 855 3876 pericula,
868 3797 982 3857 cernis?

192 3879 337 3940 Demens!
356 3898 409 3938 nec
421 3878 559 3956 zephyros
571 3878 652 3937 audis
665 3879 769 3956 spirare
782 3877 942 3938 secundos?

193 3959 251 4020 Illa
262 3958 343 4019 dolos
356 3958 502 4038 &umque
512 3958 592 4020 nefas
604 3958 637 4020 in
648 3961 766 4044 pectore
778 3962 887 4038 versat,
