2506 4298
564 228 783 270 1111111111.
797 229 834 271 11.
1114 213 1172 271 137

215 282 294 363 dala
304 322 309 344 1
319 322 334 348 1.
353 291 437 369 ab,

224 354 506 443 Limina‘tectorum,
520 373 550 431 et
563 371 690 430 medium
702 371 733 429 in
746 371 937 448 penetralibus
949 371 1072 446 hostem,

225 452 317 510 Arma
329 451 379 509 diu
391 451 485 510 senior
497 452 614 510 desueta
626 452 815 511 trementibus
829 471 888 510 aevo

225 530 393 589 Circumdat
405 531 596 609 nequidquam
609 530 744 602 humeris,
757 534 787 589 et
800 531 903 590 inutile
916 532 1022 591 ferrum

225 609 369 688 Cingitur,
383 631 415 670 ac
428 610 529 670 densos
542 611 633 669 fertur
645 611 801 669 moriturus
813 611 844 668 in
857 611 963 671 hostes.

225 689 349 749 AEdibus
361 690 392 748 in
405 690 514 762 mediis,
526 690 659 768 nudoque
672 690 725 749 sub
738 690 854 749 aetheris
867 711 927 764 axe,

226 769 336 847 Ingens
350 789 398 828 ara
410 770 475 842 luit,
484 771 624 849 juxtaque
636 770 788 828 veterrima
801 770 905 843 laurus,

226 848 401 909 Incumhens
414 870 468 908 arae
481 853 567 928 atque
581 849 682 908 umbra
694 851 839 927 complexa
851 853 977 928 penates.

224 928 286 988 Hic
300 929 422 989 Hecuba
435 933 464 988 et
477 933 552 988 natae
565 929 756 1007 nequidquam
769 930 869 989 altaria
882 931 997 1004 circum,

226 1008 395 1087 Praecipites
405 1012 469 1068 atra
481 1030 533 1068 ceu
545 1012 716 1087 tempestate
730 1010 878 1082 columbae,

227 1087 384 1147 Condensae
397 1093 427 1148 et
440 1089 539 1148 divum
552 1089 687 1166 amplexae
702 1089 851 1147 simulacra
864 1090 1007 1149 sedebant.
1093 1117 1114 1153 ¹.

227 1167 330 1246 Ipsum
344 1172 440 1227 autem
453 1169 557 1227 sumtis
570 1169 718 1226 Priamum
727 1167 907 1247 juvenilibus
920 1171 1006 1228 armis
1076 1168 1104 1215 ι’

226 1247 271 1306 Ut
284 1246 414 1321 vidit,—‘
423 1249 492 1321 Quae
505 1269 587 1308 mens
599 1251 662 1306 tam
675 1249 743 1321 dira,
757 1249 913 1308 miserrime
927 1251 1039 1328 conjux,
1088 1266 1093 1282 ¹

226 1327 350 1406 Impulit
363 1328 409 1386 his
422 1328 499 1406 cingi
511 1327 600 1388 telis?
622 1332 672 1387 aut
686 1348 742 1405 quo
755 1328 814 1386 ruis
825 1328 847 1388 i’
869 1329 972 1406 inquit.

154 1468 174 1493 ν
227 1407 314 1466 ‘Non
327 1407 380 1466 tali
393 1407 504 1480 auxilio,
517 1427 570 1467 nee
583 1408 774 1467 defensoribus
787 1408 850 1467 istis

226 1487 353 1564 Tempus
367 1491 448 1566 eget3
467 1508 535 1560 non,
549 1488 573 1545 si
585 1488 596 1546 i
616 1507 646 1546 se
658 1507 739 1546 meus
752 1508 827 1546 nunc
841 1488 941 1547 afforet
954 1488 1074 1548 Hector.
1170 1559 1172 1563 .

226 1566 297 1625 Huc
310 1567 426 1626 tandem
440 1568 577 1640 concede,
596 1508 657 1625 hmo
671 1587 719 1626 ara
731 1568 860 1626 tuebitur
874 1588 980 1641 omneS,

225 1646 290 1704 Aut
302 1647 422 1706 moriere
435 1646 538 1705 simul.'
580 1646 626 1706 Sic
640 1667 688 1706 ore
701 1648 786 1706 effata
799 1647 904 1724 recepit

225 1725 275 1784 Ad
289 1746 357 1799 sese,
371 1729 400 1785 et
413 1745 492 1784 sacra
503 1726 665 1804 longaevum
677 1727 709 1785 in
722 1726 786 1785 sede
800 1726 914 1785 locavit.

267 1810 284 1837 “
293 1806 369 1864 Ecce
381 1809 477 1864 autem
491 1806 601 1883 elapsus
615 1806 721 1884 Pyrrhi
734 1806 769 1864 de
783 1806 858 1864 crede
872 1806 989 1878 Polites,

227 1885 312 1943 Unus
325 1889 460 1944 natorum
472 1885 589 1957 Priami,
601 1905 653 1964 per
664 1885 731 1957 tela,
741 1906 791 1963 per
803 1885 900 1944 hostes

227 1965 391 2024 Porticibus
404 1965 497 2043 longis
509 1965 595 2043 fugit,
608 1968 638 2024 et
651 1985 740 2024 vacua
753 1965 826 2023 atria
838 1966 943 2023 lustrat

228 2044 355 2104 Saucius.
396 2045 485 2103 illum
497 2045 597 2104 ardens
611 2044 714 2104 infesto
727 2045 843 2103 vulnere
856 2044 985 2123 Pyrrhus

227 2124 403 2203 Insequitur,
411 2125 473 2203 jam
481 2124 598 2203 jamque
611 2128 801 2197 manutenet,
815 2128 844 2185 et
857 2125 962 2202 premit
975 2112 1067 2184 111111.
1173 2170 1186 2217 s
1214 2187 1221 2195 ,

227 2204 273 2263 Ut
285 2205 403 2264 tandem
416 2207 483 2263 ante
496 2206 591 2263 oculos
605 2205 695 2290 evasit
708 2208 738 2263 et
752 2225 802 2263 ora
813 2209 974 2281 parentum,
1004 2192 1049 2263 dt
1083 2216 1106 2255 r.
1117 2223 1159 2254 ec
1170 2229 1181 2245 -·
1191 2221 1199 2249 1
1210 2200 1237 2279 a*¹

230 2284 372 2356 Concidit,
386 2303 419 2342 ac
431 2284 523 2342 multo
537 2284 628 2342 vitam
641 2304 707 2342 oum
720 2284 857 2362 sanguine
869 2285 954 2343 fudit.
1225 2294 1228 2301 ’

230 2364 290 2424 Hic
304 2364 445 2437 Priamus,
459 2384 621 2441 quanquam
632 2363 663 2421 in
676 2364 770 2422 media
778 2365 840 2441 jam
852 2367 945 2423 morte
957 2366 1081 2433 tenetur,

228 2443 299 2504 Non
311 2447 410 2503 tamen
423 2443 572 2516 abstinuit,
584 2463 636 2502 nec
649 2443 713 2502 voci
725 2444 832 2521 iraeque
845 2444 980 2522 pepercit.

230 2525 289 2583 ‘At
302 2524 357 2583 tibi
369 2544 422 2602 pro
434 2523 554 2595 scelere,’
570 2523 718 2595 exclamat,
732 2527 799 2600 ‘pro
812 2524 917 2582 talibus
932 2523 1015 2596 ausis,

229 2603 278 2676 Di,
292 2603 318 2662 si
331 2624 387 2681 qua
399 2605 443 2662 est
457 2602 528 2662 coelo
541 2602 641 2680 pietas,
655 2622 717 2680 quae
730 2603 800 2661 talia
812 2607 901 2674 curet,

231 2683 400 2742 Persolvaut
412 2685 509 2761 grates
522 2682 632 2760 dignas,
645 2685 675 2740 et
688 2683 805 2759 praemia
816 2683 937 2742 reddant

230 2762 346 2835 Debita,
360 2762 410 2840 qui
421 2762 485 2822 nati
498 2782 593 2821 coram
604 2781 652 2820 me
665 2781 777 2821 cernere
790 2763 882 2821 letum

230 2842 347 2915 Fecisti,
361 2845 392 2901 et
404 2841 512 2920 patrios
524 2841 639 2900 foedasti
651 2841 749 2901 fimare
761 2843 868 2900 vultus.

230 2923 273 2980 At
285 2942 344 2981 non
356 2921 412 2994 ille,
426 2924 522 2981 saturn
535 2941 591 2998 quo
604 2923 634 2979 te
647 2922 786 2994 mentiris,
799 2921 926 2980 Achilles

232 3001 308 3060 Talis
320 3002 353 3060 in
365 3002 449 3060 hoste
461 3001 518 3060 fuit
531 3001 664 3073 Priam03
684 3001 734 3060 sed
741 3002 808 3080 jura
821 3002 961 3078 fidemque

232 3080 371 3160 Supplinis
384 3081 507 3153 erubuit,
521 3100 677 3158 corpusque
689 3101 830 3159 exsangue
844 3081 971 3158 sepulcro

231 3160 370 3220 Reddidit
383 3160 570 3232 Hectoreum,
583 3180 684 3237 meque
696 3160 728 3218 in
741 3181 805 3218 mea
816 3180 905 3238 regua
916 3159 1045 3219 remisit.'

232 3240 279 3299 Sic
290 3241 369 3299 fatus
382 3240 484 3312 senior,
497 3240 642 3317 telumque
655 3239 769 3298 imbelle
782 3241 842 3298 sine
854 3240 916 3298 ictu

233 3318 378 3400 Oonjecit3
398 3339 483 3379 rauco
497 3319 574 3398 quod
585 3319 715 3396 protinus
729 3340 783 3378 aere
795 3320 951 3397 repulsum,

232 3400 275 3459 Et
288 3420 400 3459 summo
413 3398 496 3477 clipei
508 3399 700 3476 nequidquam
713 3400 836 3459 umbone
849 3397 992 3477 pependit.

233 3478 287 3538 cui
300 3480 446 3559 Pyrrhus:
468 3478 600 3538 ‘Referes
614 3498 681 3556 ergo
694 3479 764 3551 haec,
778 3482 808 3538 et
822 3479 941 3538 nuncius
957 3478 1011 3536 ibis

232 3559 338 3634 Pelidae
351 3558 493 3638 genitori:
514 3558 557 3616 illi
570 3578 634 3616 mea
646 3558 743 3617 tristia
755 3559 832 3618 facta

232 3639 469 3718 Degeneremque
482 3638 706 3715 Neoptolemum
719 3659 832 3703 narrare
844 3640 998 3697 memento.

232 3719 320 3780 Nunc
332 3719 460 3778 morere?
495 3717 562 3776 Hoc
576 3717 681 3791 dicens,
694 3719 795 3776 altaria
808 3719 843 3777 ad
856 3719 917 3797 ipsa
929 3719 1101 3776 trementem

232 3798 421 3859 11111111
433 3797 526 3856 multo
539 3796 699 3950 hpsmpem
712 3798 849 3876 sanguine
861 3796 932 3869 nati,
1059 3861 1062 3869 ¹

232 3878 437 3959 Implicuitque
449 3897 560 3944 comam
573 3877 629 3935 laev
669 3877 824 3955 dextraque
836 3897 985 3938 conessum
1030 3938 1036 3949 ¹
1081 3950 1085 3957 ἱ
1211 3950 1215 3956 ¹

232 3958 352 4020 Extulit
363 3977 397 4018 ao
407 3957 490 4017 lateri
503 3956 701 4034 capulotenus
715 3957 827 4021 abdidit
841 3977 950 4022 ensem.
978 3962 1091 4011 'la-22⁴⁴*
1118 3964 1132 4002 -'
1145 3997 1148 4001 -
1181 3972 1196 3999 ·’·
1211 3956 1252 4033 ’ζῑ
