2506 4298
165 217 204 276 34
472 232 500 274 1’.
513 231 654 273 vrnomn
667 230 811 274 morus

166 374 223 433 Seu
235 373 329 451 plures
343 372 419 432 calor
431 373 480 433 ille
493 372 553 431 vias
567 375 597 432 et
611 392 685 432 coeca
697 374 806 433 relaxat

162 454 349 531 Spiramenta,
362 473 450 512 novas
463 453 559 512 veniat
573 473 630 530 qua
642 474 725 512 sucus
739 455 769 512 in
782 455 901 530 herbas,

166 534 223 592 Seu
236 534 321 591 durat
334 534 426 611 magis
440 536 470 592 et
483 553 569 592 venas
583 533 718 611 astringit
731 533 854 607 hiantes,

165 613 212 672 Ne
225 615 325 671 tenues
339 613 450 690 pluviae,
463 612 589 690 rapidive
602 614 732 689 potentia
746 614 812 672 solis

165 692 275 764 Acrior,
289 695 341 750 aut
354 693 445 751 boreae
459 693 632 770 penetrabile
646 692 737 770 frigus
751 694 861 752 adurat.

163 772 296 830 Multum
309 772 386 844 adeo,
400 773 499 831 rastris
514 773 610 850 glebas
624 773 673 849 qui
686 772 795 850 frangit
809 773 915 832 inertes

163 852 363 928 Vimineasque
376 852 468 910 trahit
481 855 581 923 crates,
591 852 676 928 juvat
689 872 756 910 arva
768 877 774 924 ;
794 872 887 929 neque
900 854 982 914 illum

164 931 254 990 Flava
267 931 351 990 Ceres
365 931 424 990 alto
437 931 628 1009 nequidquam
642 935 753 1008 spectat
767 932 909 1010 Olymp03

163 1011 206 1069 Et
220 1011 276 1088 qui,
290 1011 414 1088 procisso
428 1031 489 1088 quae
504 1011 623 1069 suscitat
637 1031 746 1087 aequore
760 1015 851 1088 terga,

162 1091 274 1149 Rursus
287 1091 318 1148 in
331 1091 478 1168 obliquum
491 1110 572 1148 verso
585 1092 743 1167 perrumpit
757 1096 861 1163 aratro,

162 1171 340 1247 Exercetque
352 1171 483 1246 frequens
496 1170 637 1242 tellurem,
651 1173 736 1245 atque
749 1171 871 1248 imporat
885 1172 968 1231 arvis.

202 1250 333 1308 Humida
346 1250 469 1308 solstitia
482 1252 568 1326 atque
582 1250 687 1308 hiemes
702 1253 780 1308 orate
794 1271 914 1324 serenas,

161 1329 319 1408 Agricolae3
339 1330 457 1388 hiberno
470 1329 617 1387 laetissima
630 1330 744 1406 pulvere
756 1330 832 1388 farra

163 1409 264 1467 Laetus
277 1429 360 1486 ager:
380 1409 459 1467 nullo
472 1412 588 1466 tantum
602 1429 631 1466 se
647 1409 739 1486 Mysia
752 1409 834 1467 cultu

163 1489 185 1547 J
186 1492 273 1559 aetat,
286 1492 316 1546 et
329 1489 391 1565 ipsa
403 1509 467 1546 suas
480 1488 621 1546 mirantur
635 1487 763 1565 Gargara
775 1509 889 1548 messes.

165 1569 242 1640 Quid
255 1568 355 1639 dicam,
365 1568 444 1646 jacto
458 1568 507 1645 qui
520 1568 626 1626 semine
640 1569 768 1626 cominus
782 1589 850 1627 arva

163 1648 329 1725 Insequitur
342 1648 526 1724 cumulosque
539 1647 598 1705 ruit
612 1647 684 1705 male
697 1649 811 1726 pinguis
825 1648 944 1708 arenael'

162 1728 273 1786 Deinde
287 1728 356 1786 satis
370 1728 488 1785 fiuvium
502 1727 613 1785 inducit
626 1727 757 1804 rivosque
771 1731 928 1804 sequentes,

162 1808 213 1879 Et,
228 1828 316 1884 quum
329 1811 447 1866 exustus
460 1827 528 1884 ager
541 1806 727 1865 morientibus
742 1811 844 1866 aestuat
857 1808 961 1880 herbis,

162 1887 238 1946 Ecce
252 1887 399 1964 supercilio
412 1886 510 1945 clivosi
522 1886 648 1945 tramitis
661 1887 768 1945 undam

161 1966 276 2026 Elicit?
296 1967 345 2025 illa
358 1967 459 2024 cadens
472 1986 589 2024 raucum
603 1986 652 2043 per
665 1966 739 2024 levia
751 1987 880 2025 murmur

160 2047 234 2105 Saxa
247 2046 311 2118 ciet,
326 2046 516 2122 scatebrisque
530 2046 640 2104 arentia
652 2048 794 2123 temperat
808 2066 876 2106 arva

161 2126 246 2199 Quid,
260 2127 317 2202 qui,
331 2145 367 2184 ne
380 2125 503 2203 gravidis
517 2126 685 2202 procumbat
699 2126 808 2184 culmus
822 2126 926 2200 aristis,

160 2204 316 2264 Luxuriam
330 2209 460 2283 segetum
473 2208 571 2263 tenera
585 2205 710 2281 depascit
723 2205 753 2263 in
767 2205 865 2278 herba,

159 2286 255 2357 Quum
268 2286 392 2362 primum
406 2284 498 2343 sulcos
512 2288 626 2360 aequant
640 2284 728 2343 sata?
749 2285 853 2363 quique
865 2285 976 2362 paludis

160 2365 320 2424 Collectum
333 2364 483 2423 humorem
496 2364 593 2422 bibula
607 2365 721 2423 deducit
735 2365 844 2424 arena?

160 2444 325 2503 Praesertim
338 2444 453 2502 incertis
467 2443 491 2500 si
504 2444 648 2502 mensibus
662 2445 753 2502 amnis
767 2445 914 2503 abundans

160 2524 241 2596 Exit,
256 2528 285 2582 et
299 2524 422 2582 obducto
436 2525 493 2581 late
506 2527 587 2582 tenet
601 2524 697 2581 omnia
709 2524 787 2595 limo,

161 2604 247 2662 Unde
260 2624 335 2661 cavae
348 2603 444 2680 tepido
458 2603 563 2660 sudant
575 2602 695 2662 humore
708 2604 825 2662 lacunae.

200 2683 263 2742 Nec
273 2686 379 2754 tamen,
389 2683 451 2740 haec
465 2702 553 2758 quum
564 2682 622 2740 sint
632 2683 837 2760 hominumque
845 2683 989 2760 boumque
998 2683 1111 2743 labores

160 2763 306 2821 Versando
319 2765 426 2821 terram
439 2762 556 2839 experti,
570 2762 644 2819 nihil
656 2763 800 2839 improbus
814 2782 904 2835 anser,

161 2843 387 2920 Strymoniaque
400 2861 493 2919 grues,
507 2845 537 2902 et
550 2842 652 2900 amaris
665 2843 767 2901 intuba
779 2843 858 2901 fibris

160 2923 305 2994 Officirmt‚
319 2925 369 2980 aut
383 2922 484 2978 umbra
496 2925 588 2979 nocet.
630 2921 717 2980 Pater
730 2922 789 2999 ipse
803 2921 914 2981 colendi

158 3003 249 3060 Haud
261 3001 372 3060 facilem
385 3021 445 3060 esse
457 3001 534 3059 viam
546 3000 647 3072 voluit,
660 3002 823 3078 primusque
835 3023 886 3079 per
899 3003 991 3061 artem

159 3083 256 3141 Movit
269 3102 361 3159 agros,
375 3082 448 3139 curis
462 3101 563 3140 acuens
577 3081 709 3139 mortalia
722 3082 814 3154 corda,

159 3162 222 3220 Nec
235 3165 347 3238 torpere
360 3161 441 3239 gravi
453 3181 552 3237 passus
566 3180 617 3218 sua
629 3180 718 3238 regna
730 3165 856 3220 veterno.

157 3242 237 3300 Ante
250 3241 272 3299 J
273 3261 355 3299 ovem
367 3241 440 3298 nulli
453 3241 623 3317 subigebant
637 3260 704 3298 arva
717 3241 826 3313 coloni3

157 3321 205 3379 Ne
218 3321 330 3398 signare
343 3321 457 3398 quidem
467 3324 517 3378 aut
530 3320 631 3397 partiri
643 3319 734 3378 limite
748 3340 879 3398 campum

158 3400 215 3458 Fas
229 3403 305 3458 erat:
320 3400 351 3458 in
363 3400 488 3458 medium
502 3400 673 3476 quaerebant‚
687 3399 802 3476 ipsaque
815 3401 901 3459 tellus

160 3479 264 3537 Omnia
276 3480 399 3551 liberius,
413 3479 492 3537 nullo
504 3482 647 3556 poscente,
661 3479 777 3538 ferebat.

159 3558 214 3618 Ille
226 3559 334 3616 malum
346 3559 423 3616 virus
437 3559 614 3635 serpentibus
628 3559 737 3616 addidit
751 3559 829 3630 atris,

156 3639 339 3715 Praedarique
351 3638 432 3715 lupos
441 3637 538 3715 jussit,
551 3642 727 3715 pontumque
740 3639 867 3712 moveri;

157 3718 303 3796 Mellaque
316 3717 439 3776 decussit
452 3717 535 3787 foliis,
548 3717 700 3794 ignemque
712 3719 844 3791 removit,

157 3799 200 3856 Et
213 3798 318 3876 passim
331 3797 399 3856 rivis
412 3797 555 3856 currentia
567 3797 634 3855 vina
646 3798 788 3874 repressit,

158 3878 202 3937 Ut
215 3878 307 3937 varias
320 3897 387 3936 usus
400 3876 564 3937 meditando
578 3877 746 3936 extunderet
759 3880 835 3936 artes

148 3956 310 4034 Paulatim,
325 3960 358 4019 et
369 3955 457 4019 sulcis
470 3956 611 4018 frumenti
622 3960 760 4037 quareret
771 3957 889 4017 herbam
