2506 4298
480 227 622 271 Eremos
635 227 698 270 LIB.
712 228 756 271 11.

148 370 266 430 Saucius
280 373 311 428 at
324 389 436 447 serpens
450 369 565 429 sinuosa
576 370 721 431 volumina
732 373 836 444 versat,

148 451 330 527 Arrectisque
342 450 440 508 horret
452 450 586 528 squamis,
600 453 630 510 et
643 451 738 509 sibilat
752 471 799 509 ore

148 531 263 589 Arduus
276 530 441 607 insurgens:
461 530 510 588 illa
522 531 600 592 haud
611 530 706 591 minus
720 534 804 608 urget
817 530 929 589 obunco

148 611 323 668 Luctantem
335 613 428 669 rostro
438 634 445 682 ;
465 610 550 668 simul
562 611 670 670 aethera
681 610 812 669 verberat
824 610 892 668 alis:

148 690 239 748 Haud
250 689 334 747 'aliter
346 689 469 767 praedam
482 690 637 749 Tiburtum
649 711 684 749 ex
697 690 810 768 agmine
823 689 953 749 Tarchon

148 769 253 828 Portet
266 789 361 827 ovans.
401 768 491 828 Ducis
504 771 665 848 exemplum
678 773 867 847 eventumque
880 769 970 829 secuti

148 849 299 906 Maeonidae
312 848 471 909 incurrrmt.
511 849 587 907 Tum
600 850 668 909 fatis
681 850 795 909 debitus
808 851 918 909 Arruns

147 928 282 987 Velocem
291 927 386 1006 jaculo
399 931 429 986 et
441 928 535 987 multa
546 929 623 1005 prior
636 932 698 988 arte
712 929 862 988 Camillam

148 1007 266 1080 Circuit,
280 1012 318 1079 et,
332 1028 394 1085 quae
408 1009 446 1066 sit
459 1008 574 1067 fortuna
586 1009 728 1082 facillima,
741 1012 846 1069 tentat.

148 1088 213 1159 Qua
225 1108 255 1146 se
268 1108 388 1164 cumque
400 1088 495 1146 furens
509 1088 602 1147 medio
615 1088 686 1147 tulit
700 1088 813 1165 agmine
826 1088 916 1166 virgo,

147 1167 214 1225 Hac
227 1169 337 1225 Arruns
350 1168 436 1237 subit,
450 1171 480 1226 et
492 1168 597 1226 tacitus
610 1167 733 1245 vestigia
743 1168 864 1228 lustrat:

148 1246 211 1318 Qua
225 1247 329 1305 victrix
341 1247 415 1306 redit
428 1247 485 1318 illa,
498 1247 653 1323 pedemque
666 1267 700 1305 ex
712 1248 796 1306 hoste
809 1249 945 1325 reportat,

148 1327 214 1384 Hac
223 1327 336 1405 juvenis
349 1327 450 1384 furtim
462 1327 564 1385 celeres
577 1327 728 1404 detorquet
740 1327 873 1386 habenas.

147 1407 213 1464 Hos
227 1407 329 1478 aditrrs,
339 1407 455 1484 jamque
467 1406 520 1465 hos
534 1407 637 1478 adibis,
651 1427 819 1483 omnemque
833 1408 959 1483 pererrat

148 1486 281 1562 Undique
295 1487 445 1545 circuitum
457 1510 464 1558 ;
484 1490 514 1544 et
527 1489 635 1546 certam
648 1487 742 1562 quatit
755 1486 901 1563 improbus
913 1485 1035 1545 hastam.

148 1565 236 1624 Forte
251 1585 327 1624 sacer
340 1565 454 1643 Cybelae
467 1565 613 1636 Chloreus,
628 1566 751 1643 olimque
764 1566 902 1638 sacerdos,

147 1644 274 1723 Insignis
286 1646 371 1722 longe
385 1645 520 1723 Phrygiis
533 1646 662 1723 fulgebat
674 1646 705 1704 in
718 1645 813 1718 armis,

147 1723 389 1802 Spumantemque
402 1725 531 1802 agitabat
544 1745 665 1803 equum:
687 1746 770 1801 quem
784 1724 864 1802 pellis
877 1722 975 1785 ahenis

147 1803 185 1861 In
198 1804 326 1882 plumam
340 1805 463 1881 squamis
477 1825 545 1863 auro
559 1807 688 1864 conserta
701 1807 825 1883 tegebat.

147 1883 223 1960 Ipse,
235 1884 384 1961 peregrina
396 1884 538 1962 ferrugine
551 1885 642 1943 clarus
655 1888 686 1943 et
698 1889 785 1957 ostro,

147 1963 261 2040 Spicula
273 1964 426 2041 torquebat
439 1964 529 2042 Lycio
543 1964 685 2042 Gortynia
697 1985 801 2037 cornu;

146 2042 259 2101 Aureus
273 2064 307 2102 ex
320 2043 445 2102 humeris
458 2047 542 2103 sonat
555 2064 644 2115 arcus,
658 2047 688 2102 et
701 2064 784 2103 aurea
796 2043 857 2103 vati

147 2122 279 2194 Cassida3
298 2127 364 2181 tum
377 2143 503 2182 croceam
513 2123 747 2201 chlamydemque
757 2123 890 2201 sinusque
900 2123 1045 2200 crepantes

148 2201 300 2261 Carbaseos
314 2203 392 2262 fulvo
405 2203 436 2261 in
449 2203 555 2272 nodum
569 2204 721 2281 collegerat
734 2224 810 2275 auro,

148 2281 248 2340 Pictus
261 2302 313 2341 acu
325 2283 446 2356 tunicas,
458 2286 489 2341 et
502 2283 620 2342 barbara
631 2283 760 2361 tegmina
772 2303 893 2343 crurum.

147 2360 237 2420 Hunc
249 2362 339 2440 virgo,
353 2362 412 2422 sive
424 2365 459 2420 ut
472 2363 586 2440 temphs
599 2365 757 2441 prefigeret
769 2383 848 2424 arma

148 2440 241 2513 ll'ro'r'a,
255 2443 367 2519 captivo
381 2442 440 2501 sive
452 2445 487 2502 ut
500 2463 530 2502 se
543 2444 630 2503 ferret
642 2444 673 2501 in
686 2464 763 2517 auro,

147 2519 286 2579 Venatrix
299 2542 389 2580 unum
402 2523 528 2582 exomni
541 2523 695 2582 certamine
708 2543 812 2601 pugnae

149 2599 232 2659 Caeca
244 2603 429 2678 sequebatur3
448 2605 600 2680 totumque
613 2604 729 2662 incauta
741 2623 791 2680 per
804 2622 906 2680 agmen

149 2680 284 2740 Femineo
297 2682 397 2759 praedae
410 2686 441 2740 et
453 2683 607 2759 spoliorum
621 2683 737 2740 ardebat
750 2701 860 2740 amore:

149 2759 252 2818 Telum
264 2781 299 2818 ex
310 2761 420 2819 insidiis
433 2781 521 2838 quum
534 2761 651 2819 tandem
665 2764 792 2838 tempore
806 2763 889 2836 capto

150 2838 291 2912 Concitat,
305 2845 335 2899 et
348 2860 462 2918 superos
476 2844 586 2897 Arruns
600 2840 640 2898 sic
653 2859 721 2898 voce
735 2843 881 2917 precatur:

149 2923 166 2950 “
176 2919 291 2978 Summe
304 2921 397 2992 deum,
411 2920 502 2979 sancti
516 2922 611 2979 custos
625 2919 749 2978 Soractis
762 2919 875 2996 Apollo,

149 2998 240 3069 Quem
253 2999 338 3075 primi
351 3000 477 3071 colimus,
491 2999 537 3058 cui
549 2999 650 3076 pineus
663 2999 746 3058 ardor
759 3019 859 3058 acervo

148 3076 288 3150 Pascitur,
303 3083 333 3138 et
345 3080 470 3138 medium
484 3079 550 3138 freti
562 3079 670 3156 pietate
683 3078 842 3156 perignem

149 3157 279 3217 Cultores
292 3160 385 3218 multa
396 3159 550 3237 premimus
563 3159 686 3237 vestigia
698 3179 805 3235 pruna;

148 3237 203 3308 Da,
217 3242 306 3315 pater,
319 3240 374 3298 hoo
387 3241 492 3299 nostris
505 3239 610 3298 aboleri
623 3239 743 3298 dedecus
756 3237 850 3309 armis,

149 3317 347 3396 Omnipotens.
388 3320 458 3377 Non
471 3319 594 3391 exuvias,
608 3319 731 3396 pulsaeve
744 3321 885 3395 tropaeum

148 3396 284 3474 Virginis,
298 3402 349 3456 aut
362 3398 450 3476 spolia
462 3398 521 3458 ulla
533 3403 616 3476 peto:
638 3398 709 3457 mihi
723 3401 816 3457 cetera
828 3396 942 3455 laudem

149 3475 240 3536 Facta
252 3479 361 3537 ferent:
382 3478 443 3537 haec
457 3478 519 3537 dira
531 3498 595 3538 meo
609 3479 677 3537 dum
689 3478 804 3536 vulnere
817 3477 905 3554 pestis

150 3555 240 3615 Pulsa
252 3559 344 3630 cadat,
359 3559 465 3635 patries
478 3559 607 3618 remeabo
620 3558 757 3636 inglorius
770 3556 883 3616 urbes.'’

148 3636 260 3711 Audiit,
274 3641 305 3696 et
317 3638 380 3697 voti
393 3638 518 3696 Phoebus
532 3639 678 3697 succedere
691 3640 802 3714 partem

148 3715 250 3775 Mente
264 3717 359 3790 dedit3
379 3720 491 3795 partem
503 3719 630 3778 volucres
644 3717 775 3795 dispersit
788 3716 819 3774 in
832 3735 923 3776 auras.

149 3795 290 3856 Sternerit
304 3801 338 3856 ut
352 3798 448 3857 subita
459 3799 608 3857 turbatam
620 3801 713 3858 morte
727 3795 884 3868 Camillam,

146 3875 260 3934 Annuit
273 3877 382 3936 oranti:
402 3878 534 3937 reducem
546 3881 581 3936 ut
594 3877 687 3956 patria
699 3877 758 3936 alta
769 3876 887 3946 videret,

146 3955 216 4016 Non
230 3956 309 4016 dedit
315 3981 325 4031 ,-
343 3957 430 4037 inque
442 3961 528 4021 notos
540 3978 643 4020 vocem
652 3960 767 4019 uertere
776 3954 924 4036 proeellas.
