2506 4298
535 239 678 283 AEIOEIDOS
691 240 753 283 LIB.
769 241 813 285 IV.

197 379 395 440 Constemunt
408 383 516 442 terram
529 403 664 443 concusso
678 384 777 461 stipite
790 385 919 446 frondes:

195 460 266 537 Ipsa
277 462 369 519 haeret
382 463 515 539 scopulis,
529 467 568 536 et,
582 468 722 540 quantum
734 465 840 523 vertice
853 467 890 525 ad
903 487 985 526 auras

196 540 352 613 AEtherias,
364 544 482 600 tantum
494 543 587 601 radice
599 543 630 601 in
644 544 764 602 Tartara
776 545 886 604 tendit:

196 619 287 678 Haud
301 641 380 680 secus
393 622 512 680 assiduis
525 623 593 681 hinc
606 625 691 699 atque
704 623 772 683 hinc
784 625 901 684 vocibus
914 626 997 685 heros

197 699 352 772 Tunditur,
365 703 395 759 et
407 721 513 780 magno
526 703 665 779 persentit
678 706 791 780 pectore
804 725 903 764 curas:

196 778 284 838 Mens
297 780 417 839 immota
429 784 543 853 manet3
563 781 686 840 lacrimae
699 782 854 843 volvuntur
867 785 975 844 inanes.

237 859 315 917 'llrm
327 880 394 919 vero
407 861 506 919 infelix
518 862 586 919 fatis
600 862 736 920 exterrita
748 862 826 922 Dido

197 937 325 997 Mortem
338 943 418 1012 orat;
437 941 527 999 toedet
540 941 604 999 coeli
617 962 740 1000 convexa
753 943 836 1001 tueri.

198 1018 263 1090 Quo
276 1019 368 1097 magis
380 1020 528 1097 inceptum
539 1023 665 1098 peragat,
679 1021 826 1098 lucemque
839 1022 989 1100 relinquat,

196 1096 289 1170 Vidit,
303 1099 484 1167 thuricremis
498 1121 587 1177 quum
600 1101 674 1158 dona
686 1101 843 1177 imponeret
857 1103 921 1175 aris,
940 1111 971 1151 ffl
995 1092 1042 1151 fd·
1079 1110 1114 1146 s'·
1152 1116 1158 1129 ‘
1175 1114 1189 1133 '³

197 1176 384 1237 Horrendum
397 1169 485 1251 dictu,
498 1180 597 1238 latices
611 1180 768 1257 nigrescere
781 1201 883 1254 sacros,
1062 1188 1066 1197 '

199 1256 332 1333 Fusaque
344 1258 375 1315 in
388 1259 541 1318 obscenum
555 1280 584 1318 se
596 1266 706 1318 vertere
719 1259 786 1318 vina
799 1281 935 1322 cruorem.

198 1335 266 1394 Hoc
279 1337 374 1395 visum
384 1339 466 1411 nulli,
479 1359 538 1398 non
550 1339 605 1417 ipsi
618 1340 704 1397 effata
716 1340 813 1398 sorori.

198 1415 343 1475 Praeterea
355 1418 410 1476 fuit
423 1419 454 1477 in
466 1419 552 1478 tectis
566 1420 601 1476 dc
614 1439 753 1477 marmore
765 1420 906 1496 templum

199 1495 336 1574 Oonjugis
349 1498 468 1574 antiqui,
481 1499 554 1556 miro
586 1499 643 1556 uod
656 1499 762 1558 honore
776 1500 895 1572 colebat,

198 1575 358 1635 Velleribus
370 1577 460 1635 niveis
474 1580 504 1636 et
516 1578 590 1636 festa
601 1578 701 1636 fronde
713 1578 890 1638 revinctum:

198 1655 279 1715 Hinc
293 1657 418 1714 exaudiri
430 1676 512 1716 voces
525 1661 555 1716 et
568 1658 654 1716 verba
666 1658 795 1716 vocantis

198 1735 269 1793 Visa
281 1736 344 1808 viri,
357 1757 414 1795 nox
427 1748 516 1813 quum
528 1741 618 1795 terras
632 1738 750 1796 obscura
762 1739 889 1795 teneret:

199 1816 320 1891 Solaque
334 1816 504 1874 culminibus
517 1817 597 1875 ferali
610 1817 733 1875 carmine
745 1816 822 1874 bubo
927 1869 936 1911 l
986 1880 994 1898 Ι
1043 1890 1060 1908 Ἴ
1101 1853 1117 1885 a
1144 1870 1152 1891 ,

136 1898 153 1918 V
199 1895 281 1971 Saepe
294 1897 381 1973 queri,
395 1898 425 1955 et
437 1896 694 1974 longasinfletum
707 1897 807 1954 ducere
819 1915 964 1967 voces.f,¹r›
1051 1926 1056 1933 -
1089 1888 1137 1945 '1¹7
1164 1900 1195 1941 Νι
1212 1910 1238 1941 11·

199 1973 352 2051 Multaque
365 1977 502 2053 praeterea
513 1980 614 2034 vatum
627 1976 763 2053 praedicta
775 1976 888 2053 piorum
911 1974 913 1980 ’

200 2053 332 2112 Terribili
344 2055 458 2114 monitu
470 2055 645 2114 horrificant.
685 2055 758 2133 Agit
772 2057 831 2133 ipse
844 2055 987 2115 timentem

1010 1962 1095 2034 'fan
1134 1986 1207 2018 ’Ῐ”

200 2133 240 2191 In
253 2135 359 2192 somnis
372 2135 448 2194 ferus
461 2135 583 2206 AEncas3
603 2155 767 2212 semperque
779 2135 901 2211 relinqui

200 2213 268 2271 Sola
280 2213 343 2286 sibi,
356 2234 465 2291 semper
476 2215 592 2292 longam
604 2215 772 2273 incomitata
783 2215 898 2273 videtur

200 2293 249 2351 Ire
262 2293 347 2364 viam,
360 2296 391 2352 et
404 2294 506 2372 Tyrios
520 2283 767 2371 desertthuaerere
779 2276 865 2354 tend.

200 2373 395 2431 Eumenidum
406 2374 497 2432 veluti
509 2374 625 2433 demens
638 2375 717 2432 videt
730 2375 845 2453 agmina
858 2374 1012 2445 Pentheus,
1112 2441 1113 2444 Ἴ

200 2452 244 2510 Et
257 2452 346 2511 solem
358 2453 513 2530 geminum,
527 2457 557 2512 et
571 2454 695 2530 duplices
708 2475 738 2512 se
751 2455 898 2513 ostendere
912 2455 1040 2526 Thebas3

199 2532 264 2590 Aut
276 2532 520 2610 Agamemnonius
534 2533 624 2592 scenis
638 2534 765 2610 agitatus
779 2534 902 2605 Orestes,

199 2613 353 2670 Armatam
364 2612 472 2670 facibus
484 2616 606 2672 matrem
619 2616 649 2671 et
663 2614 839 2690 serpentibus
852 2613 922 2672 atris

200 2692 297 2764 Quum
310 2691 395 2769 fugit,
408 2692 579 2768 ultricesque
592 2693 691 2751 sedent
704 2693 735 2751 in
747 2694 846 2751 limine
858 2693 947 2750 Dirae.

240 2770 321 2848 Ergo
333 2771 384 2829 ubi
396 2772 525 2850 concepit
539 2772 649 2843 Furias,
663 2772 755 2831 evicta
768 2773 871 2843 dolore,

200 2850 392 2927 Decrevitque
404 2852 486 2925 mori,
499 2855 614 2928 tempus
627 2871 723 2910 secum
735 2853 797 2930 ipsa
808 2852 980 2928 modumque

199 2929 312 3007 Exigit,
326 2934 355 2988 et
369 2935 501 2990 maestam
514 2931 598 2990 dictis
612 2951 745 3009 aggressa
758 2950 882 2990 sororem

200 3009 359 3068 Consilium
371 3010 457 3069 vultu
468 3011 553 3090 tegit,
567 3031 599 3070 ac
613 3032 692 3089 spem
704 3012 799 3070 fronte
812 3011 938 3069 serenat:

200 3093 218 3120 “
227 3088 339 3160 Inveni,
352 3110 495 3167 germana,
508 3091 738 3168 viam-gratare
751 3091 880 3149 sorori-

200 3168 273 3240 Quae
285 3168 358 3226 mihi
369 3170 470 3228 reddat
483 3190 557 3241 eum,
570 3170 617 3229 vel
629 3190 662 3228 eo
675 3190 721 3228 me
735 3170 827 3228 solvat
840 3171 993 3228 amantem.

201 3247 308 3306 Oceani
320 3249 411 3308 finem>
415 3249 500 3327 juxta
512 3250 654 3326 solemque
668 3250 816 3308 cadentem

199 3327 331 3385 Ultimus
344 3329 515 3407 AEtbiopum
528 3332 606 3389 locus
620 3332 673 3401 est,
686 3329 736 3386 ubi
749 3328 889 3386 maximus
902 3327 986 3385 Atlas

198 3407 294 3465 Anam
306 3407 425 3467 humero
438 3413 554 3485 torquet
567 3409 657 3468 stellis
671 3408 835 3467 ardentibus
848 3411 964 3484 aptum:

199 3486 281 3545 Hinc
294 3487 367 3546 mihi
380 3488 517 3567 Massylae
529 3489 624 3567 gentis
638 3491 799 3547 monstrata
812 3488 949 3558 sacerdos,

200 3565 395 3644 Hesperidum
407 3569 510 3646 templi
521 3573 625 3640 custos,
640 3568 790 3646 epulasque
804 3567 919 3626 draconi

200 3646 274 3718 Quae
287 3646 382 3719 dabat,
395 3651 425 3707 et
439 3668 530 3707 sacros
544 3649 674 3707 servabat
686 3649 718 3706 in
731 3649 828 3706 arbore
841 3667 943 3718 ramos,

200 3726 344 3804 spargens
356 3727 476 3785 humida
488 3729 572 3787 mella
585 3727 825 3804 soporiferumque
838 3746 968 3804 papaver.

199 3805 276 3864 Haec
289 3826 319 3864 se
332 3806 503 3866 carminibus
516 3807 662 3886 promittit
676 3808 782 3865 solvere
794 3809 914 3876 mentes,

200 3885 279 3957 Quas
291 3886 378 3946 volit:
399 3890 445 3945 ast
458 3887 520 3959 aliis
534 3888 618 3946 duras
630 3887 787 3946 immittere
801 3906 898 3958 curas;

200 3963 309 4024 Sistcre
320 3985 421 4043 aquam
432 3966 536 4041 riuum,
551 3969 582 4028 et
594 3969 707 4030 vertere
720 3967 816 4030 sidera
825 3969 927 4042 retro,
