2506 4298
150 212 209 273 372
452 225 787 269 1111111111111101111

151 372 240 448 Ergo,
253 370 288 426 ut
300 367 387 427 missa
400 388 487 427 manu
500 368 626 428 sonitum
639 369 718 428 dedit
730 370 815 429 hasta
827 391 877 449 per
890 392 980 447 auras,

152 449 323 508 Convertere
336 448 444 507 animos
458 469 534 507 acres
548 449 698 525 oculosque
710 450 801 509 tulere

152 528 257 588 Cuncti
269 528 306 586 ad
317 529 445 606 reginam
458 528 562 586 Volsci.
602 528 686 586 Nihil
699 528 761 606 ipsa
773 550 863 606 neque
877 551 954 591 aurae

151 608 215 668 Nec
229 607 338 667 sonitus
351 627 468 680 memor,
482 610 532 666 aut
545 608 684 667 venientis
698 610 734 667 ab
747 609 852 668 aethere
866 611 934 669 teli:

152 689 248 747 Hasta
261 687 313 745 sub
327 690 467 746 exsertam
480 687 568 745 donec
581 687 691 764 perlata
703 689 837 766 papillam

152 767 259 839 Haesit,
272 766 480 844 virginiumque
493 766 550 824 alte
563 767 637 826 bibit
650 770 714 826 acta
727 789 864 827 cruorem.

152 847 332 906 Concurrunt
345 846 461 922 trepidae
475 846 601 918 comites,
614 847 813 925 dominamque
826 852 957 908 ruentem

152 926 325 1003 Suscipiunt.
366 926 457 1002 Fugit
470 929 536 984 ante
550 946 647 984 omnes
661 927 812 985 exterritus
826 929 945 1001 Ammo,

152 1005 272 1065 Laetitia
284 1005 429 1082 mixtoque
442 1008 539 1077 metu;
558 1025 611 1064 nec
619 1006 681 1083 jam
695 1006 815 1083 amplius
829 1008 920 1067 hastae

153 1085 280 1156 Credere,
294 1104 345 1142 nec
358 1084 424 1143 telis
438 1104 565 1143 ocurrere
579 1085 696 1162 virginis
711 1086 806 1144 audet.

150 1165 195 1223 Ac
208 1165 288 1223 velut
300 1164 356 1236 ille,
369 1164 446 1241 prius
460 1183 544 1240 quam
557 1164 615 1222 tela
627 1165 741 1222 inimica
754 1170 915 1242 sequantur,

152 1244 295 1303 Continuo
308 1244 339 1301 in
352 1247 464 1302 montes
478 1263 537 1302 sese
550 1244 631 1302 avius
645 1244 754 1302 abdidit
768 1245 849 1318 altos,

152 1324 251 1382 Occiso
264 1327 385 1401 pastore,
398 1323 490 1400 lupus,
504 1343 643 1400 magnove
652 1324 783 1401 juvenco,

152 1403 287 1462 Conscius
301 1402 412 1462 audacis
425 1403 503 1474 facti,
516 1403 688 1480 caudamque
701 1405 857 1462 remulcens

152 1483 278 1561 Subjecit
291 1483 467 1560 pavitantem
480 1485 571 1554 utero,
585 1482 723 1558 silvasque
736 1483 855 1560 petivit:

151 1563 241 1621 Haud
254 1583 333 1622 secus
347 1582 381 1620 111
394 1561 482 1620 oculis
495 1582 524 1620 se
537 1562 668 1621 turbidus
682 1563 801 1620 abstulit
814 1564 933 1636 Arruns,

152 1642 367 1718 Contentusque
379 1642 448 1719 fuga
460 1641 559 1699 mediis
574 1661 603 1700 se
616 1641 772 1700 immiscuit
786 1643 879 1701 armis.

152 1722 208 1781 llla
220 1742 308 1781 manu
320 1721 441 1780 moriens
455 1721 545 1779 telum
558 1721 665 1779 trahit:
687 1742 749 1779 ossa
762 1722 812 1780 sed
824 1723 899 1782 inter

152 1802 272 1862 Ferreus
285 1802 322 1860 ad
335 1804 426 1859 costas
440 1800 499 1858 alto
513 1803 572 1858 stat
584 1802 699 1859 vulnere
712 1821 819 1860 mucro.

152 1882 274 1940 Labitur
287 1881 453 1958 exsanguis3
473 1881 608 1938 labuntur
620 1881 724 1958 frigida
736 1881 793 1939 leto

151 1960 291 2033 Lumina3
311 1980 467 2039 purpureus
481 1959 623 2036 quondam
636 1961 712 2019 color
726 1981 775 2018 ora
787 1960 911 2038 reliquit.

152 2042 227 2098 Turn
241 2041 280 2099 sic
294 2040 436 2116 exspirans
449 2040 564 2111 Accam,
578 2060 612 2097 ex
624 2040 778 2116 aequalibus
791 2061 887 2113 unam,

151 2121 324 2198 Alloquitur,
337 2120 395 2177 fida
407 2122 474 2177 ante
488 2119 556 2176 alias
570 2139 632 2195 quae
645 2120 705 2178 sola
718 2119 852 2192 Camillae,

152 2200 274 2271 Quicum
287 2199 386 2277 partiri
400 2219 497 2270 curas3
517 2202 602 2275 atque
615 2200 678 2257 haec
692 2199 734 2257 ita
747 2199 839 2258 fatur:

152 2284 168 2310 “
179 2279 338 2350 Hactenus,
351 2279 428 2335 Acca
441 2298 527 2349 soror,
541 2278 639 2355 potui;
658 2299 734 2336 nunc
747 2279 850 2337 vulnus
864 2280 996 2337 acerbum

152 2358 280 2431 Conficit‚
295 2362 324 2416 et
337 2357 460 2415 tenebris
473 2357 638 2433 nigrescunt
651 2358 746 2415 omnia
759 2359 873 2417 circum.

151 2438 264 2515 Effuge,
278 2441 307 2496 et
320 2438 382 2494 haec
395 2436 491 2493 Turno
506 2436 640 2494 mandata
652 2437 805 2495 novissima
817 2439 924 2515 perfer:

152 2518 291 2576 Succedat
302 2537 407 2594 pugnae
422 2515 613 2592 Trojanosque
626 2521 719 2574 arceat
732 2518 809 2575 urbe.

152 2598 275 2675 Jamque
288 2596 379 2654 vale.''
421 2595 511 2653 Simul
524 2595 569 2652 his
583 2596 666 2654 dictis
679 2596 825 2671 linquebat
838 2597 969 2670 habenas,

151 2679 200 2736 Ad
212 2681 317 2735 terram
330 2696 388 2734 non
401 2679 501 2752 sponte
514 2675 613 2735 fluens.
653 2675 728 2732 Tum
741 2676 844 2754 frigida
857 2680 921 2736 toto

152 2757 298 2816 Paulatim
311 2755 430 2814 exsolvit
417 2759 474 2814 tse
487 2775 610 2832 corpore,
623 2755 756 2831 lentaque
770 2757 841 2814 colla

152 2838 195 2896 Et
208 2841 324 2914 captum
336 2837 394 2894 leto
407 2835 503 2927 posuit
517 2839 611 2912 caput,
625 2856 702 2893 arma
715 2836 890 2912 relinquens;

150 2916 275 2996 Vitaque
288 2935 354 2974 cum
366 2915 477 2993 gemitu
490 2915 565 2992 fugit
578 2915 709 2992 indignat
710 2935 726 2972 a
740 2916 792 2973 sub
807 2916 929 2974 umbras.

150 2997 226 3054 Tum
239 3017 305 3055 vero
317 2996 471 3054 immensus
485 3015 602 3072 surgens
615 2995 681 3053 serit
694 3014 777 3053 aurea
791 2995 896 3053 clamor

152 3077 263 3134 Sidera·
257 3076 393 3153 ,dejecta
406 3074 545 3132 crudescit
558 3095 678 3166 pugna
668 3073 803 3147 Camilla;

151 3123 308 3214 Incurrimt
322 3155 401 3213 densi
414 3154 499 3212 simul
512 3154 603 3211 omnis
619 3153 698 3230 eopia
712 3120 861 3226 Teucrum,

151 3235 347 3313 Tyrrhenique
360 3235 444 3292 duces
446 3233 649 3310 ,Evandrique
662 3234 786 3292 Arcades
800 3233 860 3291 alae.

190 3317 233 3372 At
246 3315 351 3372 Triviae
366 3318 460 3372 custos
470 3312 660 3392 jamdudum
652 3333 683 3370 1n
696 3314 842 3371 montibus
856 3312 925 3390 Opis

150 3393 222 3451 Alta
234 3394 313 3452 sedet
327 3394 453 3464 summis,
466 3395 635 3486 spectatque
643 3393 774 3450 interrita
786 3413 904 3470 pugnas.

150 3473 249 3549 thue
261 3474 360 3550 procul
372 3473 486 3532 11111110Ι
475 3493 614 3551 Juvenum
627 3472 658 3528 in
672 3473 792 3531 clamore
806 3473 952 3530 furentum

149 3552 300 3630 Prospexit
313 3553 392 3611 tristi
405 3553 557 3611 multatam
570 3554 663 3610 morte
677 3551 834 3624 Camillam,

149 3632 352 3744 Ingemuitque
366 3632 498 3709 deditque
511 3632 583 3689 has'
575 3652 633 3690 rmo
647 3636 760 3709 pectore
772 3652 870 3690 voces:

150 3712 285 3771 ‘Heu
258 3710 386 3782 mmium‚
400 3711 490 3790 virge,
503 3711 625 3769 nimium
638 3712 748 3770 crudele
761 3712 841 3769 luisti

150 3791 335 3871 Supplicium,
348 3791 469 3851 Teucros
483 3794 584 3850 conata
597 3792 729 3850 lacessere
742 3791 831 3850 bello!

143 3873 178 3934 N
177 3895 210 3936 ec
224 3873 280 3936 tibi
294 3871 433 3934 desertae
426 3892 460 3932 m
471 3870 564 3930 dumis
576 3870 693 3930 coluisse
706 3871 831 3930 Dianam

137 3956 270 4039 Profuit,
285 3960 339 4022 aut
352 3957 472 4068 nostras
480 3953 607 4016 humero
619 3971 738 4032 gessisse
746 3951 903 4028 pbareuas
