2506 4298
461 220 602 263 AENEIDOS
616 220 679 262 ΗΒ.
693 221 722 261 X.

120 361 237 420 Italiam
249 361 316 420 fatis
329 361 414 440 petiit
427 362 728 421 auctoribus-esto-

120 441 285 500 Cassandrae
298 442 435 519 impulsus
448 442 537 500 furiis.
578 442 660 500 Num
673 442 798 518 linquere
812 447 905 502 castra

121 520 242 580 Hortati
256 543 353 580 sumus
367 525 417 579 aut
430 521 521 579 vitam
535 523 714 580 committere
727 521 846 581 ventis?

120 600 203 658 Num
215 621 302 679 puero
316 622 456 659 summam
468 602 543 673 belli,
556 621 626 658 num
639 602 749 660 credere
762 601 882 661 muros?

121 680 334 758 Tyrrhenamve
347 681 432 739 fidem
445 685 496 740 aut
509 684 608 758 gentes
622 681 730 758 agItare
744 681 878 758 quietas?

121 759 191 831 Quis
205 761 274 819 deus
287 761 318 818 in
330 760 466 832 fraudem,
480 780 543 838 quae
556 761 627 818 dura
638 760 768 838 potentia
779 762 871 819 nostri

121 839 218 916 Egit?
258 840 317 898 Ubi
330 840 376 898 hic
390 840 412 898 J
412 861 478 910 uno,
492 840 646 898 demissave
659 841 782 899 nubibus
796 840 876 900 In's?

122 919 280 997 Indignum
293 923 345 991 est,
359 918 450 977 Italos
465 919 580 996 Trojam
593 919 765 978 circumdare
777 920 899 980 fiammis

121 997 305 1069 Nascentem,
319 1003 349 1057 et
361 981 457 1076 patrii
467 999 597 1056 Turnum
610 1000 762 1058 consistere
775 994 860 1073 terri,

122 1076 177 1134 cui
190 1078 342 1136 Pilumnus
356 1090 433 1149 aviis,
447 1079 493 1136 cui
506 1078 572 1136 diva
586 1078 696 1136 Venilia
708 1082 809 1137 mater.

122 1157 207 1230 Quid,
220 1158 280 1216 face
294 1158 429 1235 Trojanos
443 1138 510 1216 atri
518 1158 578 1215 vim
590 1159 661 1216 ferre
674 1158 814 1218 Latinis?

120 1238 201 1295 Arva
213 1237 304 1296 aliena
311 1238 383 1315 jugo
397 1257 530 1314 promere,
544 1240 629 1313 atque
644 1238 789 1296 advertere
802 1237 932 1315 predas?
1020 1298 1028 1307 ,,

122 1317 207 1389 Quid,
221 1337 330 1375 soceros
343 1318 443 1403 legere,
457 1322 487 1375 et
500 1317 614 1394 gremiis
628 1317 765 1375 abducere
777 1317 898 1394 pactas?
919 1300 940 1370 l·
973 1310 1119 1378 ‘'db-,ms

121 1395 227 1455 Pacem
241 1417 320 1454 orare
332 1417 428 1468 manu,
441 1397 589 1474 praefigere
602 1397 742 1474 puppibus
756 1397 857 1457 arma?

121 1475 169 1532 Tu
181 1480 262 1552 potes
276 1477 387 1534 AEuean
400 1477 529 1534 manibus
543 1477 697 1535 subducere
710 1477 838 1549 Graium,

121 1553 235 1631 Proque
248 1555 309 1614 viro
322 1556 454 1615 nebulam
467 1559 498 1614 et
510 1559 611 1614 ventos
625 1557 777 1614 obtendere
789 1556 903 1628 inanes;

121 1634 165 1693 Et
177 1638 259 1712 potes
272 1635 303 1692 in
315 1635 438 1694 totidem
452 1635 568 1693 classem
582 1639 744 1694 convertere
757 1637 914 1714 nymphas:

121 1714 186 1773 Nos
200 1715 307 1790 aliquid
319 1715 445 1773 Rutulos
459 1719 559 1773 contra
566 1715 683 1792 juvisse,
697 1715 851 1773 nefandum
864 1715 931 1774 esti

121 1793 228 1852 AEneas
241 1795 357 1871 ignarus
371 1796 467 1852 abest:
487 1795 603 1871 ignarus
616 1798 646 1853 et
659 1795 742 1852 absit.

121 1873 181 1930 Est
194 1873 319 1950 Paphus,
333 1873 513 1951 Idaliumque
526 1874 589 1945 tibi,
602 1877 670 1932 sunt
684 1875 743 1932 alta
756 1872 897 1951 Cythera:

122 1953 200 2024 Quid
213 1954 360 2030 gravidam
373 1954 454 2012 bellis
467 1954 567 2011 urbem
580 1957 610 2012 et
623 1954 707 2011 corda
720 1973 817 2030 aspera
829 1951 949 2011 tentas?

122 2032 223 2091 Nosne
236 2033 291 2091 tibi
303 2033 393 2091 fluxas
408 2033 542 2111 Phrygiae
555 2053 599 2090 res
612 2035 722 2091 vertere
734 2033 822 2090 fundo

123 2110 292 2172 Conamur?
312 2133 364 2171 nos
376 2112 390 2172 Ρ
411 2133 447 2170 an
460 2113 576 2170 miseros
590 2112 638 2188 qui
652 2113 740 2171 Troas
754 2112 872 2170 Achivis

123 2191 261 2269 Objeoit?
282 2212 346 2269 quae
359 2212 442 2250 causa
454 2193 519 2263 fuit,
533 2212 700 2270 consurgere
713 2193 744 2249 in
758 2211 836 2250 arma

123 2271 325 2349 Europamque
338 2272 501 2348 Asiamque,
514 2275 544 2330 et
557 2272 662 2330 foedera
675 2272 781 2331 solvere
794 2270 895 2330 furto?

123 2351 177 2409 Me
190 2351 262 2410 duce
275 2351 436 2409 Dardanius
450 2351 582 2428 Spartam
595 2352 770 2429 expugnavit
783 2350 916 2410 adulter?

124 2431 189 2489 Aut
202 2451 255 2509 ego
268 2431 327 2489 tela
339 2431 412 2502 dedi,
425 2431 518 2489 fovive
532 2430 671 2508 Cupidine
684 2430 781 2490 bella?

124 2510 202 2568 Tum
216 2511 312 2569 decuit
324 2511 459 2568 metuisse
471 2511 546 2582 tuis;
567 2532 643 2569 nuno
656 2531 718 2570 sera
730 2510 849 2588 querelis

124 2590 216 2648 Haud
224 2590 312 2667 justis
326 2591 458 2668 assurgis,
472 2594 502 2648 et
515 2591 596 2648 irrita
604 2590 702 2668 jurgia
709 2590 831 2667 jactas.’'

165 2669 282 2728 Talibus
296 2671 395 2728 orabat
408 2670 428 2727 J
430 2690 504 2728 uno:
525 2671 675 2746 cunctique
688 2669 846 2728 fremebant

125 2748 270 2808 Coelicolae
283 2769 398 2808 assensu
410 2749 496 2808 vario.
537 2748 598 2806 Ceu
610 2749 726 2806 flamina
738 2748 830 2825 prima

126 2830 225 2901 Quum
238 2829 374 2906 deprensa
385 2829 512 2886 fremunt
525 2828 612 2899 silvis,
626 2833 655 2886 et
669 2846 742 2886 caeoa
753 2827 887 2885 volutant

125 2908 287 2980 Murmura,
299 2912 435 2967 venturos
448 2908 544 2966 nautis
557 2907 706 2985 prodentia
717 2909 828 2965 ventos,

126 2989 204 3046 Tum
216 2992 297 3066 pater
310 2989 498 3065 omnipotens,
510 3007 606 3046 rerum
619 2988 665 3046 cui
678 3007 789 3045 summa
801 2988 937 3062 potestas,

126 3068 210 3126 Infit.
250 3068 295 3126 Eo
309 3068 420 3126 dicente
433 3068 518 3126 deum
531 3067 631 3126 domus
645 3068 703 3125 alta
716 3066 837 3137 silescit,

127 3148 171 3206 Et
184 3149 350 3206 tremefacta
363 3147 422 3205 solo
435 3147 536 3219 tellus3
557 3147 621 3205 silet
635 3148 738 3204 arduus
751 3145 857 3216 aether3

128 3227 205 3285 Tum
218 3227 335 3306 zephyri
346 3247 464 3305 posuere
475 3251 482 3298 ;
501 3227 605 3303 premit
618 3226 728 3304 placida
740 3244 852 3301 aequora
864 3226 978 3300 pontus.

128 3307 285 3384 “Accipite
298 3326 365 3384 ergo
379 3306 480 3365 animis
494 3310 579 3382 atque
592 3306 653 3364 haeo
666 3325 729 3363 mea
741 3305 823 3382 figite
836 3303 922 3362 dicta.

128 3386 365 3462 Quandoquidem
378 3386 520 3444 Ausonios
534 3385 668 3463 conjungi
680 3385 784 3443 foedere
797 3383 913 3442 Teucris

129 3466 219 3524 Haud
231 3465 344 3523 licitum
354 3491 360 3536 ;
380 3486 431 3524 nec
443 3468 540 3523 vestra
552 3466 628 3542 capit
641 3464 779 3522 discordia
791 3463 892 3522 finem:

129 3547 201 3619 Quae
214 3545 314 3621 cuique
328 3549 372 3604 est
384 3545 500 3603 fortuna
512 3544 604 3615 hodie,
619 3564 704 3620 quam
718 3544 834 3620 quisque
848 3544 924 3600 secat
938 3559 1025 3617 spem,

129 3627 202 3686 Tros
215 3625 379 3683 Rutulusve
392 3625 463 3696 fuat,
477 3624 556 3682 nullo
569 3623 729 3682 discrimine
742 3623 868 3694 haheb0;

128 3706 186 3766 Seu
198 3705 266 3764 fatis
279 3704 389 3762 Italum
402 3706 494 3762 castra
507 3703 650 3762 obsidione
663 3705 807 3773 tenentur,

129 3786 196 3844 Sive
209 3803 302 3844 errore
313 3784 389 3842 malo
402 3782 494 3862 Trojae
507 3783 678 3858 monitisque
692 3781 822 3840 sinistris.
1065 3830 1075 3845 ,
1117 3837 1125 3851 ,Δ
1172 3837 1177 3842 .

127 3866 193 3925 Nec
206 3864 332 3923 Rutulos
346 3863 433 3922 solvo.
474 3864 532 3921 Sua
545 3862 645 3939 cuique
658 3882 756 3920 exorsa
768 3861 893 3919 laborem
928 3852 1035 3912 sale«
1044 3848 1085 3903 sa
1104 3854 1212 3943 dev-fr

129 3945 346 4022 Forumamque
358 3943 459 4002 ferent.
498 3941 563 4002 Rex
575 3941 692 4020 Jupiter
704 3941 834 4012 omnihus
847 3939 932 3997 idem.

1098 2974 1188 3019 saw
