2506 4298
160 221 219 283 270
464 239 490 281 1.
504 238 644 281 11111111
658 238 799 282 ursacius

162 380 286 439 Massica
300 380 468 456 (1111111111,
482 383 512 439 11
526 401 596 457 quos
610 381 644 439 de
658 380 775 439 collibus
789 380 854 439 altis

161 460 289 518 Aurunci
302 460 401 519 misere
414 464 518 537 patres,
532 460 709 536 Sidicinaque
718 461 803 538 juxta

160 540 303 615 AEquora3
324 540 427 617 quique
441 539 522 599 Cales
534 540 678 615 linquunt,
692 539 837 618 amnisque
849 539 947 599 vadosi

159 620 265 678 Accola
278 619 415 677 Vulturni
416 620 597 696 ,pariterque
610 619 748 677 Saticulus
762 639 850 697 asper,

160 698 354 774 Oscorumque
367 719 476 757 manus.
517 699 633 758 Teretes
647 702 715 756 1111
728 699 839 776 aclydes
852 699 908 757 illis

117 795 120 803 ·
161 778 245 837 Tela:
266 780 316 836 sed
328 779 387 836 haec
400 778 479 837 lento
491 799 554 837 mos
567 781 611 837 est
625 781 721 855 aptare
734 779 854 856 flagello.

161 857 261 916 Laevas
274 861 360 927 caetra
372 858 463 935 tegit3
483 858 579 917 falcati
591 858 718 917 cominus
731 878 819 917 enses
844 867 866 901 a
891 826 972 889 lm
958 864 994 935 f
1061 849 1081 891 ί
1086 818 1224 903 “my
1237 856 1240 862 ’

200 937 263 995 Nec
276 941 311 995 tu
324 922 493 995 carminibus
507 927 611 996 nostris
624 938 748 995 indictus
762 936 860 1008 abibis,

161 1016 270 1089 OEbale,
285 1037 369 1092 quem
382 1037 528 1094 generasse
542 1017 631 1076 Telon
645 1017 796 1075 Sebethide
809 983 945 1094 nyinpha

161 1096 274 1169 Fertur,
289 1097 443 1155 Teleboum
457 1096 576 1174 Capreas
591 1116 679 1172 quum
693 1116 780 1174 regna
792 1099 903 1155 teneret

161 1176 183 1233 J
184 1196 230 1233 am
243 1176 350 1234 senior·
345 1176 469 1252 ,patriis
483 1178 602 1235 sednon
616 1179 645 1234 11
659 1176 733 1233 filius
747 1176 822 1234 arvis

161 1255 331 1327 Contentus,
344 1223 422 1314 late
411 1276 472 1333 Jam
485 1258 550 1313 tum
563 1255 671 1314 ditione
684 1256 829 1332 premebat

161 1335 301 1393 Sarrastes
314 1337 441 1413 populos,
455 1338 485 1392 et
498 1355 560 1410 quae
573 1335 649 1412 rigat
662 1354 775 1410 aequora
788 1334 901 1406 Sarnus,

161 1415 272 1492 Quique
286 1415 390 1472 Rufras
404 1414 599 1493 Batulumque
611 1417 810 1506 tenentatquc
824 1434 891 1472 arva
903 1411 1044 1485 Celenuae,

161 1494 204 1552 Et
217 1515 287 1571 quos
302 1494 433 1553 1111111111
446 1494 611 1571 despectant
624 1493 730 1552 moenia
742 1493 867 1552 Abellae:

163 1573 319 1632 Teutonico
333 1575 392 1631 ritu
406 1573 483 1632 soliti
495 1577 626 1651 torquere
640 1573 760 1644 cateias3

163 1653 303 1730 Tegmina
316 1653 394 1729 queis
408 1653 533 1730 capitum
546 1656 646 1729 raptus
660 1654 694 1710 de
708 1652 807 1711 subere
820 1654 924 1724 cortex,

164 1733 326 1810 AErataeque
339 1733 446 1791 micant
459 1733 551 1825 pelta,
564 1733 652 1791 micat
665 1752 753 1792 aereus
767 1732 849 1791 11111.

202 1813 245 1871 Et
258 1816 288 1870 11
301 1815 438 1904 montosae
450 1813 551 1870 misere
563 1813 594 1869 in
606 1813 706 1889 proelia
718 1812 827 1884 Nersae,

163 1892 283 1950 Ufens
255 1892 416 1985 ,insignem
429 1883 504 1950 fama
516 1895 546 1950 et
559 1891 687 1950 felicibus
700 1891 802 1950 armis·

164 1939 289 2030 Horrida
302 1972 440 2049 praecipue
453 1972 499 2030 cui
512 1991 591 2048 genS,
605 1974 772 2048 assuetaque
786 1971 878 2029 multo

162 2050 278 2109 Venatu
290 2071 445 2123 nemorum,
459 2052 536 2109 duris
549 2050 699 2127 AEquicula
711 2050 809 2128 glebis.

163 2131 277 2189 Armati
289 2132 394 2188 terram
408 2134 546 2202 exercent,
560 2150 723 2207 semperque
735 2133 861 2188 recentes

163 2208 336 2268 convectare
345 2211 428 2287 juvat
441 2210 558 2297 praedas,
572 2210 641 2268 11
614 2230 708 2268 vrvere
720 2212 812 2286 rapto

202 2289 278 2361 Quin
292 2292 321 2347 et
336 2274 482 2347 Marrubii
494 2290 573 2348 venit
586 2290 621 2348 de
634 2292 719 2368 gente
732 2290 869 2361 sacerdos,

163 2368 276 2427 Fronde
290 2389 372 2445 super
385 2369 495 2445 galeam
508 2372 537 2427 et
551 2369 624 2426 felici
638 2372 749 2427 comtus
763 2369 846 2441 oliva,

162 2448 300 2525 Archippi
313 2448 387 2540 regis
400 2449 496 2519 missu,
508 2449 679 2506 fortissimus
692 2448 819 2507 Umbro.

162 2528 278 2604 Viperio
292 2549 388 2604 genem
379 2528 430 2586 et
443 2528 569 2605 graviter
581 2527 753 2604 spirantibus
766 2527 866 2606 hydris

72 2634 76 2641 ·
164 2607 301 2685 Spargere
315 2608 363 2685 qui
376 2627 490 2666 somnos
503 2610 644 2683 cantuque
656 2627 799 2684 manuque
812 2607 927 2673 solebat.

164 2687 311 2747 Mulcebat
298 2693 366 2765 tque
379 2688 444 2759 iras,
457 2690 487 2745 11
500 2708 610 2745 morsus
624 2690 684 2745 arte
698 2687 819 2746 levabat.
841 2674 1014 2753 fdcdd

164 2767 220 2826 Sed
233 2789 290 2826 non
303 2733 455 2826 Dardaniis
468 2766 601 2825 medicari
614 2767 736 2844 cuspidis
749 2767 840 2825 ictum

164 2847 299 2919 Evaluit,
319 2867 409 2924 neque
423 2867 488 2905 eum
496 2847 594 2924 juvere
607 2847 639 2904 in
651 2846 768 2904 vulnera
781 2848 881 2904 cantus

165 2927 323 2998 Somnifcri,
337 2931 367 2985 et
380 2926 485 2984 Marsis
499 2927 624 3002 quaesitae
638 2927 783 2984 montibus
797 2927 898 2984 herba.

165 3007 318 3066 Tenemus
332 3007 487 3083 Anguitiae,
501 3007 591 3064 vitrea
604 3009 634 3064 te
648 3006 774 3063 Fucinus
788 3006 872 3077 unda,

166 3086 208 3145 Te
220 3086 320 3163 liquidi
333 3087 433 3144 flevere
446 3085 532 3143 lacus.

205 3165 273 3224 Ibat
286 3169 316 3224 et
330 3165 484 3243 Hippolyti
496 3164 588 3241 proles
601 3164 790 3241 pulcherrima
801 3163 876 3223 bello

166 3245 289 3316 Virbius
303 3245 443 3321 insignem
456 3265 541 3321 quem
554 3247 645 3302 mater
658 3244 752 3302 Aricia
766 3244 854 3317 misit,

30 3388 34 3395 ,
82 3368 85 3373 ,
124 3354 127 3359 ·
166 3325 313 3383 Eductum
308 3325 439 3417 ‘Egeriae
453 3324 532 3395 lucis,
545 3323 693 3381 humentia
706 3324 812 3381 circum

167 3403 274 3476 Litora,
288 3404 401 3481 pinguis
413 3404 463 3461 ubi
476 3408 506 3462 11
519 3404 661 3480 placabilis
675 3423 724 3461 ara
736 3403 846 3461 Dianae.
1223 3462 1225 3474 ,

167 3450 299 3559 Namqise
312 3484 407 3541 ferunt
420 3484 495 3541 fama
509 3484 712 3560 Hippolytum,
726 3487 878 3575 postquam
891 3483 951 3540 arte
963 3499 1093 3542 novercae
1116 3436 1171 3539 a(
1181 3517 1185 3531 ›

168 3562 318 3633 Occiderit,
332 3562 492 3639 patriasque
505 3562 623 3654 explerit
637 3564 773 3639 sanguine
787 3581 884 3640 poenas

168 3642 302 3699 Turbatis
316 3643 468 3700 distractus
482 3643 568 3719 equis,
582 3643 619 3699 ad
631 3642 722 3701 sidera
733 3663 831 3700 rursus

168 3722 298 3779 AEtheria
312 3725 341 3779 et
355 3742 467 3797 superas
480 3722 543 3780 coeli
556 3722 665 3780 venisse
678 3722 731 3781 sub
745 3741 835 3794 auras,

169 3801 290 3860 Paeoniis
303 3804 466 3859 revocatum
478 3801 573 3859 herbis
586 3805 616 3860 11
629 3821 723 3860 amore
736 3802 846 3860 Diauae.

168 3881 244 3938 Tum
258 3880 344 3939 Pater
357 3880 544 3957 omnipotens,
557 3881 679 3956 aliquem
692 3881 858 3959 indignatus
871 3880 907 3939 ab
919 3877 1029 3937 umbris

169 3961 323 4020 Mortalem
335 3959 452 4020 infernis
465 3960 501 4019 ad
513 3959 622 4019 lumina
633 3981 748 4039 surgere
760 3961 837 4034 vica,

1232 3690 1250 4067 j

1151 4070 1242 4242 1
