2506 4298
190 218 249 276 342
495 230 522 271 r.
536 230 676 272 marm
690 229 832 273 mancius

112 413 119 428 .
192 374 251 433 Sub
264 372 394 450 precibus
407 371 490 430 venia
503 372 562 430 ulla
573 373 655 444 latet,
668 375 820 448 totumque
833 373 942 432 moveri

191 453 334 511 Mutarive
347 455 432 529 putas
445 452 569 510 bellum:
591 473 654 528 spes
667 453 758 529 pascis
771 453 898 510 inanes.”

191 534 234 591 Et
248 533 270 590 J
272 553 327 590 uno
341 532 536 590 allacrimans:
559 532 661 603 “Quid
674 532 706 603 si,
721 533 797 607 quod
809 553 878 591 voce
890 533 1026 609 gravaris,

191 613 294 671 Mente
308 613 388 670 dares
400 637 406 683 ;
427 614 512 688 atque
525 612 588 669 haec
602 612 699 669 Turno
713 616 776 670 rata
789 612 850 670 vita
864 614 1016 672 maneret?

192 693 280 750 Nunc
294 695 392 749 manet
404 691 546 749 insontem
561 691 656 767 gravis
670 691 780 749 exitus:
802 695 852 749 aut
866 712 919 769 ego
932 693 992 752 veri

191 771 274 829 Vana
286 772 368 830 feror.
410 771 493 842 Quod
506 773 540 827 ut
554 791 570 828 o
584 771 680 847 potius
693 771 843 829 formidine
856 773 927 829 falsa

191 851 297 922 Ladan
311 853 340 909 et
353 851 383 908 in
396 850 497 907 melius
510 852 571 920 tua,
584 849 633 926 qui
646 854 737 927 potes,
751 871 814 908 orsa
826 852 968 909 reflectas!
979 850 997 876 ’⁹

191 931 264 989 Haec
277 930 327 988 ubi
341 930 418 987 dicta
431 929 518 999 dedit,
532 928 603 987 coelo
617 949 647 987 se
660 934 795 1006 protenus
809 931 868 988 alto
949 945 951 949 ’

191 1010 285 1081 Misit,
299 1029 385 1086 agens
398 1009 521 1066 hiemem
536 1009 633 1066 nimbo
647 1009 791 1067 succincta
804 1030 853 1086 per
868 1031 949 1069 auras
961 1036 969 1084 ;

190 1089 363 1165 Iliacamque
377 1089 465 1146 aciem
479 1092 508 1146 et
522 1088 678 1146 Laurentia
690 1092 783 1146 castra
795 1090 907 1165 petivit.

191 1169 268 1226 Tum
281 1168 334 1227 dea
346 1170 421 1226 nube
435 1188 503 1226 cava
516 1172 632 1225 tenuem
647 1169 706 1226 sine
720 1169 827 1227 viribus
840 1171 972 1228 umbram

191 1247 229 1305 In
242 1248 342 1306 faciem
356 1248 463 1317 AEneae‚
477 1247 541 1304 visu
555 1247 682 1306 mirabile
695 1252 864 1321 monstrum,

190 1327 343 1385 Dardaniis
356 1331 440 1385 ornat
453 1327 518 1384 telis
530 1352 536 1397 ;
557 1327 733 1404 clipeumque
742 1328 882 1404 jubasque

190 1407 292 1465 Divini
305 1407 452 1465 assimulat
466 1406 582 1484 capitis3
604 1407 654 1465 dat
666 1407 762 1465 inania
775 1409 861 1466 verba
873 1434 880 1480 3

190 1486 252 1544 Dat
266 1487 326 1545 sine
339 1490 436 1544 mente
450 1507 560 1557 sonum,
574 1506 741 1562 gressusque
755 1487 865 1565 effingit
879 1487 988 1546 euntis:

191 1566 290 1624 Morte
304 1567 383 1624 obita
397 1566 492 1641 quales
507 1566 582 1623 sama
595 1570 639 1624 est
653 1567 772 1624 volitare
787 1568 902 1645 figuras,

191 1647 254 1704 Aut
268 1665 332 1722 quae
345 1647 452 1722 sopitos
466 1645 606 1703 deludunt
620 1647 730 1704 somnia
742 1667 849 1705 sensus.

192 1726 235 1783 At
248 1726 353 1802 primas
366 1727 433 1783 laeta
446 1728 513 1783 ante
527 1726 599 1783 acies
613 1726 737 1784 exsultat
750 1726 855 1804 imago,

192 1805 350 1881 Irritatque
363 1805 457 1862 virum
470 1805 544 1876 telis,
559 1808 589 1863 et
601 1825 670 1864 voce
683 1805 803 1864 lasessit.

192 1885 291 1944 Instat
305 1885 350 1943 cui
364 1880 486 1955 Turnus,
501 1884 724 1960 stridentemque
738 1885 848 1943 eminus
861 1887 975 1943 hastam

193 1964 334 2043 Conjicit3
354 1965 403 2022 illa
416 1965 483 2022 dato
496 1964 584 2022 vertit
597 1965 720 2041 vestigia
732 1969 823 2043 tergo.

192 2045 266 2103 Tum
279 2065 346 2104 vero
359 2044 471 2102 AEnean
485 2064 614 2101 aversum
627 2048 662 2101 ut
676 2044 772 2103 cedere
786 2045 901 2101 Turnus

193 2124 330 2196 Credidit,
344 2127 430 2199 atque
443 2124 537 2181 animo
552 2144 629 2200 spem
640 2124 772 2182 turbidus
785 2125 881 2182 hausit
893 2124 1027 2182 inanem:

192 2205 282 2276 “Quo
295 2204 380 2280 fugis,
394 2203 510 2291 AEneass
531 2204 673 2261 thalamos
687 2224 723 2262 ne
737 2204 832 2262 desere
845 2208 960 2280 pactos:

192 2283 259 2341 Hac
273 2284 388 2341 dabitur
401 2283 500 2340 dextra
513 2283 599 2340 tellus
613 2283 733 2357 quaesita
745 2304 794 2360 per
808 2284 926 2340 undas.”

193 2363 274 2420 Talia
287 2363 442 2420 vociferans
457 2363 593 2437 sequitur,
607 2363 795 2438 strictumque
809 2366 939 2422 coruscat

192 2442 378 2513 Macronem3
399 2462 451 2499 nec
464 2443 536 2499 ferre
549 2442 628 2500 videt
642 2462 693 2499 sua
705 2444 810 2520 gaudia
823 2445 933 2500 ventos

133 2508 170 2593 ll'
192 2522 282 2580 Forte
294 2522 364 2580 ratis
379 2521 445 2579 celsi
458 2522 610 2597 conjuncta
623 2521 764 2598 crepidine
778 2523 838 2580 saxi
932 2578 937 2586 ,

192 2602 340 2679 Expositis
354 2601 449 2659 stabat
464 2601 553 2672 scalis,
567 2606 597 2658 et
610 2605 698 2677 ponte
712 2605 810 2677 parato
823 2626 830 2674 3

192 2682 256 2752 Qua
268 2701 316 2739 rex
331 2681 454 2738 Clusinis
468 2681 599 2739 advectus
613 2681 728 2738 Osinius
742 2682 806 2740 oris.

192 2761 262 2819 Huc
276 2781 335 2819 seso
348 2761 460 2837 trepida
472 2761 569 2818 AEneae
578 2760 715 2837 fugientis
729 2761 824 2838 imago

192 2840 316 2918 Oonjicit
329 2841 360 2898 in
373 2841 496 2898 latebras
507 2865 513 2912 ;
533 2860 585 2903 uec
599 2841 713 2898 Turnus
727 2841 840 2918 segnior
851 2839 941 2899 instat
954 2865 960 2912 ;

191 2919 407 2998 Exsuperatque
421 2940 523 2990 moras,
537 2924 566 2977 et
580 2924 681 2996 pontes
695 2921 819 2978 transilit
833 2921 914 2977 altos

191 2999 249 3058 Vix
261 3020 375 3077 proram
388 3000 542 3075 attigerat:
562 2999 671 3076 rumpit
686 2999 819 3057 Saturnia
831 3000 938 3071 funem,

190 3080 384 3156 Avulsamque
397 3079 472 3154 rapit
485 3079 614 3136 revoluta
626 3098 676 3154 per
689 3099 801 3154 aequora
812 3099 922 3136 navem.

192 3158 280 3216 lllum
294 3163 391 3217 autem
401 3159 506 3217 AEneas
520 3159 665 3216 absentem
678 3159 708 3216 in
721 3159 820 3236 proelia
832 3159 924 3235 poscit
936 3183 943 3229 3

193 3239 285 3297 Obvia
297 3240 391 3296 multa
404 3239 497 3295 virum
511 3238 640 3296 demittit
654 3258 771 3314 corpora
783 3238 879 3296 morti.

176 3383 178 3387 Α
193 3318 269 3376 Tum
281 3319 351 3377 lovis
365 3318 442 3376 haud
454 3318 531 3376 ultra
543 3318 665 3376 latebras
674 3318 736 3395 jam
750 3319 851 3394 quaerit
864 3317 968 3394 imago,

193 3398 250 3456 Sed
263 3399 382 3456 sublime
396 3399 493 3456 volans
507 3398 577 3455 nubi
590 3418 620 3455 se
633 3397 789 3455 immiscuit
803 3402 891 3455 atrae:

193 3478 288 3548 Quum
303 3479 433 3536 Turnum
446 3478 539 3536 medio
552 3477 661 3535 interea
674 3478 730 3535 fert
743 3497 853 3553 aequore
867 3477 961 3535 turbo.

192 3556 323 3633 Respicit
335 3558 451 3635 ignarus
465 3578 567 3629 rerum,
581 3557 766 3634 ingratusque
780 3557 888 3627 salutm,

192 3636 235 3694 Et
249 3636 373 3712 duplices
388 3657 453 3695 cum
466 3657 535 3694 voce
548 3657 649 3694 manus
663 3637 699 3694 ad
713 3637 804 3695 sidera
816 3637 928 3695 tendit:

192 3716 408 3793 “Omnipotens
422 3717 543 3794 genitor,
556 3716 669 3775 tanton’
685 3735 731 3774 me
745 3716 862 3775 crimine
876 3716 998 3792 dignum

193 3795 320 3867 Duxisti,
335 3799 365 3855 et
378 3797 451 3854 tales
464 3796 581 3854 voluisti
595 3796 750 3873 expendere
763 3794 885 3874 poenasP

189 3877 253 3952 Quo
267 3875 368 3940 feror?
382 3875 458 3936 unde
472 3875 552 3936 abii?
567 3895 631 3954 quse
644 3895 690 3933 me
703 3876 913 3952 fugarquemve
927 3873 1068 3934 reducet?

178 3959 380 4026 Laurentisne
394 3961 509 4023 iterum
518 3977 618 4018 muros
631 3958 685 4016 aut
696 3952 922 4014 castraxide‘ccl
