<?xml version="1.0" encoding="UTF-8"?>
<!DOCTYPE html PUBLIC "-//W3C//DTD XHTML 1.0 Transitional//EN"
    "http://www.w3.org/TR/xhtml1/DTD/xhtml1-transitional.dtd">
<html xmlns="http://www.w3.org/1999/xhtml" xml:lang="en" lang="en">
 <head>
  <title>
</title>
<meta http-equiv="Content-Type" content="text/html;charset=utf-8" />
  <meta name='ocr-system' content='tesseract 3.04.00' />
  <meta name='ocr-capabilities' content='ocr_page ocr_carea ocr_par ocr_line ocrx_word'/>
</head>
<body>
  <div class='ocr_page' id='page_1' title='image "./workspubliusvir00thomgoog_0199.png"; bbox 0 0 2506 4298; ppageno 0'>
   <div class='ocr_carea' id='block_1_1' title="bbox 178 215 820 295">
    <p class='ocr_par' dir='ltr' id='par_1_1' title="bbox 178 215 820 295">
     <span class='ocr_line' id='line_1_1' title="bbox 178 215 820 295; baseline 0.003 -23"><span class='ocrx_word' id='word_1_1' title='bbox 178 215 236 273; x_wconf 78' lang='lat'>164</span> <span class='ocrx_word' id='word_1_2' title='bbox 414 290 418 295; x_wconf 12' lang='grc' dir='ltr'>ἱ</span> <span class='ocrx_word' id='word_1_3' title='bbox 481 231 508 273; x_wconf 76' lang='lat' dir='ltr'>e.</span> <span class='ocrx_word' id='word_1_4' title='bbox 524 229 664 272; x_wconf 81' lang='lat' dir='ltr'>rmemn</span> <span class='ocrx_word' id='word_1_5' title='bbox 677 230 820 274; x_wconf 75' lang='lat' dir='ltr'>uanonrs</span> 
     </span>
    </p>
   </div>
   <div class='ocr_carea' id='block_1_2' title="bbox 3 370 1179 4019">
    <p class='ocr_par' dir='ltr' id='par_1_2' title="bbox 3 370 1179 4019">
     <span class='ocr_line' id='line_1_2' title="bbox 176 370 915 451; baseline 0.001 -19"><span class='ocrx_word' id='word_1_6' title='bbox 176 371 365 450; x_wconf 85' lang='lat' dir='ltr'>Respicimus.</span> <span class='ocrx_word' id='word_1_7' title='bbox 408 370 480 430; x_wconf 89' lang='lat' dir='ltr'>Dira</span> <span class='ocrx_word' id='word_1_8' title='bbox 492 371 611 445; x_wconf 83' lang='lat' dir='ltr'><strong>illuvies,</strong></span> <span class='ocrx_word' id='word_1_9' title='bbox 625 371 806 451; x_wconf 85' lang='lat' dir='ltr'>immissaque</span> <span class='ocrx_word' id='word_1_10' title='bbox 818 373 915 447; x_wconf 87' lang='lat' dir='ltr'>barba,</span> 
     </span>
     <span class='ocr_line' id='line_1_3' title="bbox 177 452 900 530; baseline 0.003 -20"><span class='ocrx_word' id='word_1_11' title='bbox 177 452 349 511; x_wconf 81' lang='lat' dir='ltr'>Consertum</span> <span class='ocrx_word' id='word_1_12' title='bbox 361 455 499 530; x_wconf 89' lang='lat' dir='ltr'>tegumen</span> <span class='ocrx_word' id='word_1_13' title='bbox 512 452 616 529; x_wconf 87' lang='lat' dir='ltr'>spinis:</span> <span class='ocrx_word' id='word_1_14' title='bbox 637 454 668 511; x_wconf 89' lang='lat' dir='ltr'>at</span> <span class='ocrx_word' id='word_1_15' title='bbox 681 455 775 511; x_wconf 87' lang='lat' dir='ltr'>cetera</span> <span class='ocrx_word' id='word_1_16' title='bbox 787 454 900 527; x_wconf 79' lang='lat' dir='ltr'>Graius,</span> 
     </span>
     <span class='ocr_line' id='line_1_4' title="bbox 176 531 933 609; baseline 0.005 -19"><span class='ocrx_word' id='word_1_17' title='bbox 176 531 219 590; x_wconf 84' lang='lat' dir='ltr'>Et</span> <span class='ocrx_word' id='word_1_18' title='bbox 233 532 376 608; x_wconf 90' lang='lat' dir='ltr'>quondam</span> <span class='ocrx_word' id='word_1_19' title='bbox 388 532 488 609; x_wconf 89' lang='lat' dir='ltr'>patriis</span> <span class='ocrx_word' id='word_1_20' title='bbox 501 531 538 590; x_wconf 83' lang='lat' dir='ltr'>ad</span> <span class='ocrx_word' id='word_1_21' title='bbox 551 531 666 609; x_wconf 85' lang='lat' dir='ltr'>Trojam</span> <span class='ocrx_word' id='word_1_22' title='bbox 679 532 781 591; x_wconf 88' lang='lat' dir='ltr'>missus</span> <span class='ocrx_word' id='word_1_23' title='bbox 794 533 825 591; x_wconf 93' lang='lat' dir='ltr'>in</span> <span class='ocrx_word' id='word_1_24' title='bbox 838 535 933 594; x_wconf 83' lang='lat' dir='ltr'>armis.</span> 
     </span>
     <span class='ocr_line' id='line_1_5' title="bbox 176 610 858 689; baseline 0.004 -20"><span class='ocrx_word' id='word_1_25' title='bbox 176 611 263 689; x_wconf 87' lang='lat' dir='ltr'>Isque</span> <span class='ocrx_word' id='word_1_26' title='bbox 276 611 327 670; x_wconf 90' lang='lat' dir='ltr'>ubi</span> <span class='ocrx_word' id='word_1_27' title='bbox 339 610 499 670; x_wconf 87' lang='lat' dir='ltr'>Dardanios</span> <span class='ocrx_word' id='word_1_28' title='bbox 513 611 629 670; x_wconf 74' lang='lat' dir='ltr'>habItus</span> <span class='ocrx_word' id='word_1_29' title='bbox 643 615 672 670; x_wconf 89' lang='lat' dir='ltr'>et</span> <span class='ocrx_word' id='word_1_30' title='bbox 686 611 772 671; x_wconf 71' lang='lat' dir='ltr'>Troia</span> <span class='ocrx_word' id='word_1_31' title='bbox 784 613 858 672; x_wconf 86' lang='lat' dir='ltr'>vidit</span> 
     </span>
     <span class='ocr_line' id='line_1_6' title="bbox 175 691 936 768; baseline 0.005 -20"><span class='ocrx_word' id='word_1_32' title='bbox 175 691 268 750; x_wconf 90' lang='lat' dir='ltr'>Arma</span> <span class='ocrx_word' id='word_1_33' title='bbox 279 691 386 768; x_wconf 89' lang='lat' dir='ltr'>procul,</span> <span class='ocrx_word' id='word_1_34' title='bbox 399 691 517 767; x_wconf 92' lang='lat' dir='ltr'>paulum</span> <span class='ocrx_word' id='word_1_35' title='bbox 529 694 646 768; x_wconf 86' lang='lat' dir='ltr'>aspectu</span> <span class='ocrx_word' id='word_1_36' title='bbox 659 692 831 751; x_wconf 73' lang='lat' dir='ltr'>conterritus</span> <span class='ocrx_word' id='word_1_37' title='bbox 843 693 936 766; x_wconf 88' lang='lat' dir='ltr'>haesit,</span> 
     </span>
     <span class='ocr_line' id='line_1_7' title="bbox 176 769 976 852; baseline 0.008 -24"><span class='ocrx_word' id='word_1_38' title='bbox 176 769 382 848; x_wconf 75' lang='lat' dir='ltr'>Continuitque</span> <span class='ocrx_word' id='word_1_39' title='bbox 396 771 532 848; x_wconf 77' lang='lat' dir='ltr'>gradum3</span> <span class='ocrx_word' id='word_1_40' title='bbox 552 790 620 828; x_wconf 83' lang='lat' dir='ltr'>mox</span> <span class='ocrx_word' id='word_1_41' title='bbox 633 790 693 829; x_wconf 88' lang='lat' dir='ltr'>sese</span> <span class='ocrx_word' id='word_1_42' title='bbox 706 771 743 829; x_wconf 87' lang='lat' dir='ltr'>ad</span> <span class='ocrx_word' id='word_1_43' title='bbox 754 772 840 830; x_wconf 90' lang='lat' dir='ltr'>litora</span> <span class='ocrx_word' id='word_1_44' title='bbox 851 793 976 852; x_wconf 87' lang='lat' dir='ltr'>praeoeps</span> 
     </span>
     <span class='ocr_line' id='line_1_8' title="bbox 177 848 943 928; baseline 0.005 -20"><span class='ocrx_word' id='word_1_45' title='bbox 177 848 251 908; x_wconf 80' lang='lat' dir='ltr'>Cum</span> <span class='ocrx_word' id='word_1_46' title='bbox 263 851 335 908; x_wconf 88' lang='lat' dir='ltr'>fletu</span> <span class='ocrx_word' id='word_1_47' title='bbox 347 850 531 928; x_wconf 83' lang='lat' dir='ltr'>precibusque</span> <span class='ocrx_word' id='word_1_48' title='bbox 544 850 631 909; x_wconf 88' lang='lat' dir='ltr'>tulit:</span> <span class='ocrx_word' id='word_1_49' title='bbox 653 850 725 909; x_wconf 90' lang='lat' dir='ltr'>‘Per</span> <span class='ocrx_word' id='word_1_50' title='bbox 739 851 830 910; x_wconf 85' lang='lat' dir='ltr'>sidera</span> <span class='ocrx_word' id='word_1_51' title='bbox 842 856 943 926; x_wconf 91' lang='lat' dir='ltr'>testor,</span> 
     </span>
     <span class='ocr_line' id='line_1_9' title="bbox 176 902 1139 1010; baseline 0 -23"><span class='ocrx_word' id='word_1_52' title='bbox 176 928 233 988; x_wconf 89' lang='lat' dir='ltr'>Per</span> <span class='ocrx_word' id='word_1_53' title='bbox 247 949 370 1007; x_wconf 89' lang='lat' dir='ltr'>superos,</span> <span class='ocrx_word' id='word_1_54' title='bbox 384 933 470 1006; x_wconf 89' lang='lat' dir='ltr'>atque</span> <span class='ocrx_word' id='word_1_55' title='bbox 483 930 538 988; x_wconf 93' lang='lat' dir='ltr'>hoc</span> <span class='ocrx_word' id='word_1_56' title='bbox 551 929 616 988; x_wconf 91' lang='lat' dir='ltr'>coeli</span> <span class='ocrx_word' id='word_1_57' title='bbox 629 930 760 1007; x_wconf 82' lang='lat' dir='ltr'>spirabile</span> <span class='ocrx_word' id='word_1_58' title='bbox 772 930 887 991; x_wconf 91' lang='lat' dir='ltr'>lumen:</span> <span class='ocrx_word' id='word_1_59' title='bbox 945 906 1027 987; x_wconf 58' lang='lat' dir='ltr'>naid</span> <span class='ocrx_word' id='word_1_60' title='bbox 1058 902 1139 1010; x_wconf 51' lang='lat' dir='ltr'>lusu</span> 
     </span>
     <span class='ocr_line' id='line_1_10' title="bbox 176 1009 959 1085; baseline 0.005 -18"><span class='ocrx_word' id='word_1_61' title='bbox 176 1009 283 1068; x_wconf 81' lang='lat' dir='ltr'>Tollite</span> <span class='ocrx_word' id='word_1_62' title='bbox 296 1030 350 1081; x_wconf 85' lang='lat' dir='ltr'>me,</span> <span class='ocrx_word' id='word_1_63' title='bbox 365 1009 483 1082; x_wconf 81' lang='lat' dir='ltr'>Teucri3</span> <span class='ocrx_word' id='word_1_64' title='bbox 504 1029 694 1085; x_wconf 87' lang='lat' dir='ltr'>quascumque</span> <span class='ocrx_word' id='word_1_65' title='bbox 707 1010 839 1070; x_wconf 90' lang='lat' dir='ltr'>abducite</span> <span class='ocrx_word' id='word_1_66' title='bbox 851 1014 959 1084; x_wconf 82' lang='lat' dir='ltr'>terras3</span> 
     </span>
     <span class='ocr_line' id='line_1_11' title="bbox 176 1088 957 1164; baseline 0.005 -18"><span class='ocrx_word' id='word_1_67' title='bbox 176 1089 243 1148; x_wconf 92' lang='lat' dir='ltr'>Hoc</span> <span class='ocrx_word' id='word_1_68' title='bbox 258 1091 303 1147; x_wconf 89' lang='lat' dir='ltr'>sat</span> <span class='ocrx_word' id='word_1_69' title='bbox 316 1089 380 1148; x_wconf 84' lang='lat' dir='ltr'>erit.</span> <span class='ocrx_word' id='word_1_70' title='bbox 420 1088 485 1147; x_wconf 84' lang='lat' dir='ltr'>Scio</span> <span class='ocrx_word' id='word_1_71' title='bbox 498 1109 544 1147; x_wconf 92' lang='lat' dir='ltr'>me</span> <span class='ocrx_word' id='word_1_72' title='bbox 558 1089 667 1147; x_wconf 80' lang='lat' dir='ltr'>Danais</span> <span class='ocrx_word' id='word_1_73' title='bbox 681 1110 696 1147; x_wconf 92' lang='lat' dir='ltr'>e</span> <span class='ocrx_word' id='word_1_74' title='bbox 709 1090 845 1149; x_wconf 87' lang='lat' dir='ltr'>classibus</span> <span class='ocrx_word' id='word_1_75' title='bbox 858 1112 957 1164; x_wconf 90' lang='lat' dir='ltr'>unum,</span> 
     </span>
     <span class='ocr_line' id='line_1_12' title="bbox 176 1169 795 1246; baseline 0 -19"><span class='ocrx_word' id='word_1_76' title='bbox 176 1169 219 1227; x_wconf 83' lang='lat' dir='ltr'>Et</span> <span class='ocrx_word' id='word_1_77' title='bbox 232 1169 308 1228; x_wconf 92' lang='lat' dir='ltr'>bello</span> <span class='ocrx_word' id='word_1_78' title='bbox 322 1169 424 1227; x_wconf 88' lang='lat' dir='ltr'>Iliacos</span> <span class='ocrx_word' id='word_1_79' title='bbox 437 1170 528 1227; x_wconf 90' lang='lat' dir='ltr'>fateor</span> <span class='ocrx_word' id='word_1_80' title='bbox 540 1169 656 1245; x_wconf 85' lang='lat' dir='ltr'>petiisse</span> <span class='ocrx_word' id='word_1_81' title='bbox 669 1173 795 1246; x_wconf 89' lang='lat' dir='ltr'>penates.</span> 
     </span>
     <span class='ocr_line' id='line_1_13' title="bbox 176 1247 860 1327; baseline 0 -21"><span class='ocrx_word' id='word_1_82' title='bbox 176 1249 234 1306; x_wconf 90' lang='lat' dir='ltr'>Pro</span> <span class='ocrx_word' id='word_1_83' title='bbox 248 1267 313 1326; x_wconf 89' lang='lat' dir='ltr'>quc,</span> <span class='ocrx_word' id='word_1_84' title='bbox 327 1249 352 1306; x_wconf 87' lang='lat' dir='ltr'>si</span> <span class='ocrx_word' id='word_1_85' title='bbox 365 1248 475 1307; x_wconf 87' lang='lat' dir='ltr'>sceleris</span> <span class='ocrx_word' id='word_1_86' title='bbox 489 1251 573 1306; x_wconf 86' lang='lat' dir='ltr'>tante</span> <span class='ocrx_word' id='word_1_87' title='bbox 586 1251 630 1306; x_wconf 90' lang='lat' dir='ltr'>est</span> <span class='ocrx_word' id='word_1_88' title='bbox 643 1248 747 1327; x_wconf 89' lang='lat' dir='ltr'>injuria</span> <span class='ocrx_word' id='word_1_89' title='bbox 759 1247 860 1320; x_wconf 84' lang='lat' dir='ltr'>nostri,</span> 
     </span>
     <span class='ocr_line' id='line_1_14' title="bbox 176 1328 975 1406; baseline 0.005 -21"><span class='ocrx_word' id='word_1_90' title='bbox 176 1328 308 1406; x_wconf 84' lang='lat' dir='ltr'>Spargite</span> <span class='ocrx_word' id='word_1_91' title='bbox 321 1348 367 1386; x_wconf 93' lang='lat' dir='ltr'>me</span> <span class='ocrx_word' id='word_1_92' title='bbox 380 1328 412 1384; x_wconf 92' lang='lat' dir='ltr'>in</span> <span class='ocrx_word' id='word_1_93' title='bbox 423 1328 537 1399; x_wconf 89' lang='lat' dir='ltr'>fluctus,</span> <span class='ocrx_word' id='word_1_94' title='bbox 551 1330 688 1404; x_wconf 90' lang='lat' dir='ltr'>vastoque</span> <span class='ocrx_word' id='word_1_95' title='bbox 701 1328 864 1405; x_wconf 85' lang='lat' dir='ltr'>immergite</span> <span class='ocrx_word' id='word_1_96' title='bbox 876 1333 975 1406; x_wconf 91' lang='lat' dir='ltr'>ponto.</span> 
     </span>
     <span class='ocr_line' id='line_1_15' title="bbox 176 1407 1177 1486; baseline 0.002 -22"><span class='ocrx_word' id='word_1_97' title='bbox 176 1407 207 1464; x_wconf 83' lang='lat' dir='ltr'>Si</span> <span class='ocrx_word' id='word_1_98' title='bbox 219 1428 311 1485; x_wconf 91' lang='lat' dir='ltr'>pereo,</span> <span class='ocrx_word' id='word_1_99' title='bbox 325 1407 475 1465; x_wconf 93' lang='lat' dir='ltr'>hominum</span> <span class='ocrx_word' id='word_1_100' title='bbox 488 1407 619 1466; x_wconf 90' lang='lat' dir='ltr'>manibus</span> <span class='ocrx_word' id='word_1_101' title='bbox 632 1407 747 1485; x_wconf 89' lang='lat' dir='ltr'>periisse</span> <span class='ocrx_word' id='word_1_102' title='bbox 756 1407 890 1486; x_wconf 62' lang='lat' dir='ltr'>juvabit?</span> <span class='ocrx_word' id='word_1_103' title='bbox 1062 1467 1065 1475; x_wconf 52' lang='lat'>,</span> <span class='ocrx_word' id='word_1_104' title='bbox 1167 1468 1177 1483; x_wconf 67' lang='lat'><strong><em>‚</em></strong></span> 
     </span>
     <span class='ocr_line' id='line_1_16' title="bbox 176 1478 1172 1564; baseline 0.003 -20"><span class='ocrx_word' id='word_1_105' title='bbox 176 1487 313 1559; x_wconf 82' lang='lat' dir='ltr'>Dixerat3</span> <span class='ocrx_word' id='word_1_106' title='bbox 334 1490 364 1545; x_wconf 90' lang='lat' dir='ltr'>et</span> <span class='ocrx_word' id='word_1_107' title='bbox 377 1507 470 1564; x_wconf 87' lang='lat' dir='ltr'>genua</span> <span class='ocrx_word' id='word_1_108' title='bbox 484 1487 637 1564; x_wconf 83' lang='lat' dir='ltr'>amplexus,</span> <span class='ocrx_word' id='word_1_109' title='bbox 651 1487 826 1564; x_wconf 86' lang='lat' dir='ltr'>genibusque</span> <span class='ocrx_word' id='word_1_110' title='bbox 840 1487 973 1547; x_wconf 86' lang='lat' dir='ltr'>volutans</span> <span class='ocrx_word' id='word_1_111' title='bbox 994 1478 1101 1547; x_wconf 38' lang='lat' dir='ltr'>“sset‘&#39;</span> <span class='ocrx_word' id='word_1_112' title='bbox 1113 1487 1136 1516; x_wconf 68' lang='lat' dir='ltr'>e·</span> <span class='ocrx_word' id='word_1_113' title='bbox 1164 1492 1172 1518; x_wconf 71' lang='lat'>³</span> 
     </span>
     <span class='ocr_line' id='line_1_17' title="bbox 175 1556 1179 1644; baseline 0.001 -20"><span class='ocrx_word' id='word_1_114' title='bbox 175 1567 323 1625; x_wconf 87' lang='lat' dir='ltr'>Haerebat.</span> <span class='ocrx_word' id='word_1_115' title='bbox 364 1566 421 1638; x_wconf 81' lang='lat' dir='ltr'>Qui</span> <span class='ocrx_word' id='word_1_116' title='bbox 435 1567 482 1638; x_wconf 91' lang='lat' dir='ltr'>sit,</span> <span class='ocrx_word' id='word_1_117' title='bbox 495 1567 557 1637; x_wconf 88' lang='lat' dir='ltr'>fari,</span> <span class='ocrx_word' id='word_1_118' title='bbox 572 1587 628 1643; x_wconf 92' lang='lat' dir='ltr'>quo</span> <span class='ocrx_word' id='word_1_119' title='bbox 642 1566 779 1644; x_wconf 88' lang='lat' dir='ltr'>sanguine</span> <span class='ocrx_word' id='word_1_120' title='bbox 793 1570 897 1639; x_wconf 87' lang='lat' dir='ltr'>cretus,</span> <span class='ocrx_word' id='word_1_121' title='bbox 1002 1560 1113 1634; x_wconf 43' lang='lat' dir='ltr'>W*</span> <span class='ocrx_word' id='word_1_122' title='bbox 1139 1556 1179 1641; x_wconf 55' lang='lat'>&#39;1⁴²&#39;</span> 
     </span>
     <span class='ocr_line' id='line_1_18' title="bbox 175 1632 1161 1742; baseline 0.003 -38"><span class='ocrx_word' id='word_1_123' title='bbox 175 1646 354 1719; x_wconf 84' lang='lat' dir='ltr'>Hortamur3</span> <span class='ocrx_word' id='word_1_124' title='bbox 374 1666 437 1724; x_wconf 79' lang='lat' dir='ltr'>quae</span> <span class='ocrx_word' id='word_1_125' title='bbox 451 1645 553 1704; x_wconf 89' lang='lat' dir='ltr'>deinde</span> <span class='ocrx_word' id='word_1_126' title='bbox 565 1647 657 1724; x_wconf 80' lang='lat' dir='ltr'>agitet</span> <span class='ocrx_word' id='word_1_127' title='bbox 670 1647 794 1718; x_wconf 87' lang='lat' dir='ltr'>fortuna,</span> <span class='ocrx_word' id='word_1_128' title='bbox 807 1647 900 1705; x_wconf 89' lang='lat' dir='ltr'>fateri.</span> <span class='ocrx_word' id='word_1_129' title='bbox 904 1632 1004 1742; x_wconf 50' lang='lat' dir='ltr'>Amr</span> <span class='ocrx_word' id='word_1_130' title='bbox 1024 1656 1058 1702; x_wconf 58' lang='lat' dir='ltr'>of:</span> <span class='ocrx_word' id='word_1_131' title='bbox 1066 1678 1093 1731; x_wconf 66' lang='lat'>&#39;⁴&#39;</span> <span class='ocrx_word' id='word_1_132' title='bbox 1103 1662 1130 1707; x_wconf 57' lang='grc' dir='ltr'>’κ’</span> <span class='ocrx_word' id='word_1_133' title='bbox 1152 1660 1161 1685; x_wconf 84' lang='lat'><em>&#39;</em></span> 
     </span>
     <span class='ocr_line' id='line_1_19' title="bbox 176 1724 1166 1804; baseline 0.006 -23"><span class='ocrx_word' id='word_1_134' title='bbox 176 1725 243 1803; x_wconf 90' lang='lat' dir='ltr'>Ipse</span> <span class='ocrx_word' id='word_1_135' title='bbox 255 1730 337 1804; x_wconf 89' lang='lat' dir='ltr'>pater</span> <span class='ocrx_word' id='word_1_136' title='bbox 350 1726 481 1784; x_wconf 82' lang='lat' dir='ltr'>dextram</span> <span class='ocrx_word' id='word_1_137' title='bbox 493 1725 641 1798; x_wconf 85' lang='lat' dir='ltr'>Anchises,</span> <span class='ocrx_word' id='word_1_138' title='bbox 654 1725 732 1784; x_wconf 89' lang='lat' dir='ltr'>haud</span> <span class='ocrx_word' id='word_1_139' title='bbox 744 1725 838 1784; x_wconf 86' lang='lat' dir='ltr'>multa</span> <span class='ocrx_word' id='word_1_140' title='bbox 850 1729 986 1800; x_wconf 88' lang='lat' dir='ltr'>moratus,</span> <span class='ocrx_word' id='word_1_141' title='bbox 1034 1724 1134 1798; x_wconf 53' lang='lat' dir='ltr'>lm&gt;</span> <span class='ocrx_word' id='word_1_142' title='bbox 1162 1764 1166 1769; x_wconf 91' lang='lat'>·</span> 
     </span>
     <span class='ocr_line' id='line_1_20' title="bbox 175 1805 993 1883; baseline 0.005 -20"><span class='ocrx_word' id='word_1_143' title='bbox 175 1805 237 1864; x_wconf 88' lang='lat' dir='ltr'>Dat</span> <span class='ocrx_word' id='word_1_144' title='bbox 246 1805 355 1883; x_wconf 87' lang='lat' dir='ltr'>juveni,</span> <span class='ocrx_word' id='word_1_145' title='bbox 369 1808 455 1883; x_wconf 89' lang='lat' dir='ltr'>atque</span> <span class='ocrx_word' id='word_1_146' title='bbox 468 1805 595 1863; x_wconf 90' lang='lat' dir='ltr'>animum</span> <span class='ocrx_word' id='word_1_147' title='bbox 609 1805 743 1881; x_wconf 85' lang='lat' dir='ltr'>praesenti</span> <span class='ocrx_word' id='word_1_148' title='bbox 755 1805 874 1883; x_wconf 89' lang='lat' dir='ltr'>pignore</span> <span class='ocrx_word' id='word_1_149' title='bbox 887 1807 993 1868; x_wconf 83' lang='lat' dir='ltr'>firmat.</span> 
     </span>
     <span class='ocr_line' id='line_1_21' title="bbox 176 1870 868 1962; baseline 0.003 -20"><span class='ocrx_word' id='word_1_150' title='bbox 176 1885 230 1943; x_wconf 92' lang='lat' dir='ltr'>Ille</span> <span class='ocrx_word' id='word_1_151' title='bbox 244 1886 317 1958; x_wconf 84' lang='lat' dir='ltr'>haec,</span> <span class='ocrx_word' id='word_1_152' title='bbox 331 1870 460 1962; x_wconf 74' lang='lat' dir='ltr'>depositt</span> <span class='ocrx_word' id='word_1_153' title='bbox 472 1884 589 1943; x_wconf 89' lang='lat' dir='ltr'>tandem</span> <span class='ocrx_word' id='word_1_154' title='bbox 602 1885 760 1957; x_wconf 87' lang='lat' dir='ltr'>formidine,</span> <span class='ocrx_word' id='word_1_155' title='bbox 774 1886 868 1945; x_wconf 88' lang='lat' dir='ltr'>satur:</span> 
     </span>
     <span class='ocr_line' id='line_1_22' title="bbox 216 1963 953 2042; baseline 0.003 -20"><span class='ocrx_word' id='word_1_156' title='bbox 216 1968 232 1995; x_wconf 89' lang='lat'><strong><em>“</em></strong></span> <span class='ocrx_word' id='word_1_157' title='bbox 244 1965 331 2023; x_wconf 86' lang='lat' dir='ltr'>‘Sum</span> <span class='ocrx_word' id='word_1_158' title='bbox 344 1963 438 2042; x_wconf 70' lang='lat' dir='ltr'>patria</span> <span class='ocrx_word' id='word_1_159' title='bbox 450 1984 485 2022; x_wconf 82' lang='lat' dir='ltr'>ex</span> <span class='ocrx_word' id='word_1_160' title='bbox 498 1964 610 2035; x_wconf 89' lang='lat' dir='ltr'>Ithaca,</span> <span class='ocrx_word' id='word_1_161' title='bbox 623 1984 716 2023; x_wconf 91' lang='lat' dir='ltr'>comes</span> <span class='ocrx_word' id='word_1_162' title='bbox 729 1964 850 2024; x_wconf 87' lang='lat' dir='ltr'>infelicis</span> <span class='ocrx_word' id='word_1_163' title='bbox 864 1965 953 2039; x_wconf 83' lang='lat' dir='ltr'>Ulixi,</span> 
     </span>
     <span class='ocr_line' id='line_1_23' title="bbox 176 2043 964 2122; baseline 0.004 -20"><span class='ocrx_word' id='word_1_164' title='bbox 176 2044 292 2103; x_wconf 86' lang='lat' dir='ltr'>Nomen</span> <span class='ocrx_word' id='word_1_165' title='bbox 305 2044 520 2116; x_wconf 87' lang='lat' dir='ltr'>Achemenides,</span> <span class='ocrx_word' id='word_1_166' title='bbox 535 2044 650 2121; x_wconf 85' lang='lat' dir='ltr'>Trojam</span> <span class='ocrx_word' id='word_1_167' title='bbox 663 2043 792 2122; x_wconf 88' lang='lat' dir='ltr'>genitore</span> <span class='ocrx_word' id='word_1_168' title='bbox 806 2045 964 2105; x_wconf 81' lang='lat' dir='ltr'>Adamasto</span> 
     </span>
     <span class='ocr_line' id='line_1_24' title="bbox 175 2123 992 2201; baseline 0.004 -19"><span class='ocrx_word' id='word_1_169' title='bbox 175 2123 304 2201; x_wconf 89' lang='lat' dir='ltr'>Paupere</span> <span class='ocrx_word' id='word_1_170' title='bbox 321 2124 539 2200; x_wconf 88' lang='lat' dir='ltr'>(mansissetque</span> <span class='ocrx_word' id='word_1_171' title='bbox 552 2124 664 2181; x_wconf 88' lang='lat' dir='ltr'>utinam</span> <span class='ocrx_word' id='word_1_172' title='bbox 677 2123 793 2182; x_wconf 90' lang='lat' dir='ltr'>fortuna</span> <span class='ocrx_word' id='word_1_173' title='bbox 802 2123 823 2200; x_wconf 84' lang='lat' dir='ltr'>l)</span> <span class='ocrx_word' id='word_1_174' title='bbox 839 2125 992 2200; x_wconf 87' lang='lat' dir='ltr'>profectus.</span> 
     </span>
     <span class='ocr_line' id='line_1_25' title="bbox 177 2203 908 2280; baseline 0.004 -20"><span class='ocrx_word' id='word_1_175' title='bbox 177 2203 235 2262; x_wconf 92' lang='lat' dir='ltr'>Hic</span> <span class='ocrx_word' id='word_1_176' title='bbox 249 2223 303 2274; x_wconf 91' lang='lat' dir='ltr'>me,</span> <span class='ocrx_word' id='word_1_177' title='bbox 317 2204 387 2261; x_wconf 92' lang='lat' dir='ltr'>dum</span> <span class='ocrx_word' id='word_1_178' title='bbox 400 2203 505 2280; x_wconf 86' lang='lat' dir='ltr'>trepidi</span> <span class='ocrx_word' id='word_1_179' title='bbox 518 2203 641 2261; x_wconf 87' lang='lat' dir='ltr'>crudelia</span> <span class='ocrx_word' id='word_1_180' title='bbox 653 2203 753 2261; x_wconf 90' lang='lat' dir='ltr'>limina</span> <span class='ocrx_word' id='word_1_181' title='bbox 764 2203 908 2279; x_wconf 90' lang='lat' dir='ltr'>linquunt,</span> 
     </span>
     <span class='ocr_line' id='line_1_26' title="bbox 176 2282 826 2361; baseline 0.002 -22"><span class='ocrx_word' id='word_1_182' title='bbox 176 2282 364 2341; x_wconf 87' lang='lat' dir='ltr'>Immemores</span> <span class='ocrx_word' id='word_1_183' title='bbox 377 2283 446 2341; x_wconf 89' lang='lat' dir='ltr'>socii</span> <span class='ocrx_word' id='word_1_184' title='bbox 458 2286 540 2341; x_wconf 88' lang='lat' dir='ltr'>vasto</span> <span class='ocrx_word' id='word_1_185' title='bbox 555 2282 686 2361; x_wconf 82' lang='lat' dir='ltr'>Cyclopis</span> <span class='ocrx_word' id='word_1_186' title='bbox 698 2282 729 2340; x_wconf 93' lang='lat' dir='ltr'>in</span> <span class='ocrx_word' id='word_1_187' title='bbox 743 2286 826 2340; x_wconf 86' lang='lat' dir='ltr'>antro</span> 
     </span>
     <span class='ocr_line' id='line_1_27' title="bbox 177 2362 918 2439; baseline 0 -19"><span class='ocrx_word' id='word_1_188' title='bbox 177 2362 342 2420; x_wconf 88' lang='lat' dir='ltr'>Deseruere.</span> <span class='ocrx_word' id='word_1_189' title='bbox 383 2363 494 2421; x_wconf 91' lang='lat' dir='ltr'>Domus</span> <span class='ocrx_word' id='word_1_190' title='bbox 508 2363 584 2421; x_wconf 74' lang='lat' dir='ltr'>sande</span> <span class='ocrx_word' id='word_1_191' title='bbox 598 2362 771 2439; x_wconf 87' lang='lat' dir='ltr'>dapibusque</span> <span class='ocrx_word' id='word_1_192' title='bbox 785 2362 918 2433; x_wconf 87' lang='lat' dir='ltr'>cruentis,</span> 
     </span>
     <span class='ocr_line' id='line_1_28' title="bbox 178 2441 967 2520; baseline 0.005 -23"><span class='ocrx_word' id='word_1_193' title='bbox 178 2441 264 2500; x_wconf 90' lang='lat' dir='ltr'>Intus</span> <span class='ocrx_word' id='word_1_194' title='bbox 278 2462 372 2519; x_wconf 86' lang='lat' dir='ltr'>opaea,</span> <span class='ocrx_word' id='word_1_195' title='bbox 385 2442 496 2520; x_wconf 84' lang='lat' dir='ltr'>iugens.</span> <span class='ocrx_word' id='word_1_196' title='bbox 536 2442 604 2519; x_wconf 89' lang='lat' dir='ltr'>Ipse</span> <span class='ocrx_word' id='word_1_197' title='bbox 618 2443 730 2513; x_wconf 88' lang='lat' dir='ltr'>arduus,</span> <span class='ocrx_word' id='word_1_198' title='bbox 745 2441 858 2518; x_wconf 86' lang='lat' dir='ltr'>altaque</span> <span class='ocrx_word' id='word_1_199' title='bbox 871 2442 967 2520; x_wconf 90' lang='lat' dir='ltr'>pulsat</span> 
     </span>
     <span class='ocr_line' id='line_1_29' title="bbox 178 2520 848 2598; baseline 0 -20"><span class='ocrx_word' id='word_1_200' title='bbox 178 2520 284 2592; x_wconf 85' lang='lat' dir='ltr'>Sidera,</span> <span class='ocrx_word' id='word_1_201' title='bbox 301 2522 363 2598; x_wconf 90' lang='lat' dir='ltr'>(Di,</span> <span class='ocrx_word' id='word_1_202' title='bbox 376 2521 466 2580; x_wconf 88' lang='lat' dir='ltr'>talem</span> <span class='ocrx_word' id='word_1_203' title='bbox 478 2521 560 2579; x_wconf 88' lang='lat' dir='ltr'>terris</span> <span class='ocrx_word' id='word_1_204' title='bbox 574 2521 695 2580; x_wconf 87' lang='lat' dir='ltr'>avertite</span> <span class='ocrx_word' id='word_1_205' title='bbox 707 2524 818 2598; x_wconf 89' lang='lat' dir='ltr'>pestem</span> <span class='ocrx_word' id='word_1_206' title='bbox 828 2521 848 2597; x_wconf 92' lang='lat'>!)</span> 
     </span>
     <span class='ocr_line' id='line_1_30' title="bbox 178 2600 794 2672; baseline 0 -14"><span class='ocrx_word' id='word_1_207' title='bbox 178 2600 241 2659; x_wconf 87' lang='lat' dir='ltr'>Nec</span> <span class='ocrx_word' id='word_1_208' title='bbox 254 2601 318 2659; x_wconf 84' lang='lat' dir='ltr'>visu</span> <span class='ocrx_word' id='word_1_209' title='bbox 331 2601 430 2672; x_wconf 87' lang='lat' dir='ltr'>facilis,</span> <span class='ocrx_word' id='word_1_210' title='bbox 443 2621 495 2659; x_wconf 89' lang='lat' dir='ltr'>neo</span> <span class='ocrx_word' id='word_1_211' title='bbox 509 2601 589 2659; x_wconf 91' lang='lat' dir='ltr'>dictu</span> <span class='ocrx_word' id='word_1_212' title='bbox 602 2600 721 2659; x_wconf 87' lang='lat' dir='ltr'>affabilis</span> <span class='ocrx_word' id='word_1_213' title='bbox 735 2600 794 2658; x_wconf 91' lang='lat' dir='ltr'>ulli.</span> 
     </span>
     <span class='ocr_line' id='line_1_31' title="bbox 177 2679 937 2758; baseline 0 -21"><span class='ocrx_word' id='word_1_214' title='bbox 177 2680 340 2739; x_wconf 89' lang='lat' dir='ltr'>Visceribus</span> <span class='ocrx_word' id='word_1_215' title='bbox 353 2681 520 2739; x_wconf 87' lang='lat' dir='ltr'>miserorum</span> <span class='ocrx_word' id='word_1_216' title='bbox 534 2685 563 2739; x_wconf 91' lang='lat' dir='ltr'>et</span> <span class='ocrx_word' id='word_1_217' title='bbox 577 2680 714 2758; x_wconf 88' lang='lat' dir='ltr'>sanguine</span> <span class='ocrx_word' id='word_1_218' title='bbox 728 2679 852 2738; x_wconf 87' lang='lat' dir='ltr'>vescitur</span> <span class='ocrx_word' id='word_1_219' title='bbox 865 2681 937 2737; x_wconf 87' lang='lat' dir='ltr'>atro.</span> 
     </span>
     <span class='ocr_line' id='line_1_32' title="bbox 177 2759 974 2838; baseline 0.003 -22"><span class='ocrx_word' id='word_1_220' title='bbox 177 2759 245 2818; x_wconf 90' lang='lat' dir='ltr'>Vidi</span> <span class='ocrx_word' id='word_1_221' title='bbox 258 2764 380 2838; x_wconf 90' lang='lat' dir='ltr'>egomet,</span> <span class='ocrx_word' id='word_1_222' title='bbox 395 2761 452 2818; x_wconf 92' lang='lat' dir='ltr'>duo</span> <span class='ocrx_word' id='word_1_223' title='bbox 465 2761 500 2818; x_wconf 90' lang='lat' dir='ltr'>de</span> <span class='ocrx_word' id='word_1_224' title='bbox 513 2780 631 2818; x_wconf 91' lang='lat' dir='ltr'>numero</span> <span class='ocrx_word' id='word_1_225' title='bbox 645 2780 733 2836; x_wconf 93' lang='lat' dir='ltr'>quum</span> <span class='ocrx_word' id='word_1_226' title='bbox 747 2778 863 2836; x_wconf 89' lang='lat' dir='ltr'>corpora</span> <span class='ocrx_word' id='word_1_227' title='bbox 875 2764 974 2818; x_wconf 91' lang='lat' dir='ltr'>nostro</span> 
     </span>
     <span class='ocr_line' id='line_1_33' title="bbox 179 2839 910 2917; baseline 0 -21"><span class='ocrx_word' id='word_1_228' title='bbox 179 2839 286 2899; x_wconf 89' lang='lat' dir='ltr'>Prensa</span> <span class='ocrx_word' id='word_1_229' title='bbox 300 2861 386 2898; x_wconf 89' lang='lat' dir='ltr'>manu</span> <span class='ocrx_word' id='word_1_230' title='bbox 399 2860 504 2917; x_wconf 87' lang='lat' dir='ltr'>magna</span> <span class='ocrx_word' id='word_1_231' title='bbox 516 2840 609 2897; x_wconf 92' lang='lat' dir='ltr'>medio</span> <span class='ocrx_word' id='word_1_232' title='bbox 622 2839 769 2916; x_wconf 87' lang='lat' dir='ltr'>resupinus</span> <span class='ocrx_word' id='word_1_233' title='bbox 782 2839 814 2896; x_wconf 89' lang='lat' dir='ltr'>in</span> <span class='ocrx_word' id='word_1_234' title='bbox 827 2841 910 2896; x_wconf 91' lang='lat' dir='ltr'>antro</span> 
     </span>
     <span class='ocr_line' id='line_1_34' title="bbox 179 2919 941 2997; baseline 0.001 -22"><span class='ocrx_word' id='word_1_235' title='bbox 179 2919 336 2997; x_wconf 81' lang='lat' dir='ltr'>Frangeret</span> <span class='ocrx_word' id='word_1_236' title='bbox 350 2921 387 2978; x_wconf 85' lang='lat' dir='ltr'>ad</span> <span class='ocrx_word' id='word_1_237' title='bbox 399 2940 507 2990; x_wconf 85' lang='lat' dir='ltr'>saxum,</span> <span class='ocrx_word' id='word_1_238' title='bbox 521 2919 652 2995; x_wconf 89' lang='lat' dir='ltr'>sanieque</span> <span class='ocrx_word' id='word_1_239' title='bbox 666 2938 795 2995; x_wconf 90' lang='lat' dir='ltr'>exspersa</span> <span class='ocrx_word' id='word_1_240' title='bbox 807 2921 941 2976; x_wconf 88' lang='lat' dir='ltr'>natarent</span> 
     </span>
     <span class='ocr_line' id='line_1_35' title="bbox 178 2997 919 3075; baseline 0.001 -20"><span class='ocrx_word' id='word_1_241' title='bbox 178 2999 308 3071; x_wconf 83' lang='lat' dir='ltr'>Limina3</span> <span class='ocrx_word' id='word_1_242' title='bbox 329 3000 388 3057; x_wconf 90' lang='lat' dir='ltr'>vidi</span> <span class='ocrx_word' id='word_1_243' title='bbox 401 3003 464 3058; x_wconf 92' lang='lat' dir='ltr'>atro</span> <span class='ocrx_word' id='word_1_244' title='bbox 478 3019 566 3075; x_wconf 92' lang='lat' dir='ltr'>quum</span> <span class='ocrx_word' id='word_1_245' title='bbox 580 2999 707 3057; x_wconf 88' lang='lat' dir='ltr'>membra</span> <span class='ocrx_word' id='word_1_246' title='bbox 719 2997 838 3056; x_wconf 87' lang='lat' dir='ltr'>fluentia</span> <span class='ocrx_word' id='word_1_247' title='bbox 850 2999 919 3056; x_wconf 91' lang='lat' dir='ltr'>tabo</span> 
     </span>
     <span class='ocr_line' id='line_1_36' title="bbox 178 3077 968 3156; baseline 0.001 -21"><span class='ocrx_word' id='word_1_248' title='bbox 178 3078 339 3152; x_wconf 90' lang='lat' dir='ltr'>Manderet,</span> <span class='ocrx_word' id='word_1_249' title='bbox 353 3083 382 3138; x_wconf 89' lang='lat' dir='ltr'>et</span> <span class='ocrx_word' id='word_1_250' title='bbox 395 3079 485 3156; x_wconf 91' lang='lat' dir='ltr'>tepidi</span> <span class='ocrx_word' id='word_1_251' title='bbox 498 3080 653 3136; x_wconf 90' lang='lat' dir='ltr'>tremerent</span> <span class='ocrx_word' id='word_1_252' title='bbox 667 3078 719 3136; x_wconf 93' lang='lat' dir='ltr'>sub</span> <span class='ocrx_word' id='word_1_253' title='bbox 733 3077 866 3135; x_wconf 91' lang='lat' dir='ltr'>dentibus</span> <span class='ocrx_word' id='word_1_254' title='bbox 879 3080 968 3136; x_wconf 87' lang='lat' dir='ltr'>artus.</span> 
     </span>
     <span class='ocr_line' id='line_1_37' title="bbox 178 3156 927 3236; baseline -0.001 -21"><span class='ocrx_word' id='word_1_255' title='bbox 178 3158 268 3216; x_wconf 89' lang='lat' dir='ltr'>Haud</span> <span class='ocrx_word' id='word_1_256' title='bbox 281 3159 396 3236; x_wconf 90' lang='lat' dir='ltr'>impune</span> <span class='ocrx_word' id='word_1_257' title='bbox 410 3159 541 3234; x_wconf 84' lang='lat' dir='ltr'>quidem3</span> <span class='ocrx_word' id='word_1_258' title='bbox 560 3178 612 3216; x_wconf 88' lang='lat' dir='ltr'>nec</span> <span class='ocrx_word' id='word_1_259' title='bbox 625 3157 695 3215; x_wconf 85' lang='lat' dir='ltr'>talia</span> <span class='ocrx_word' id='word_1_260' title='bbox 706 3177 805 3234; x_wconf 88' lang='lat' dir='ltr'>passus</span> <span class='ocrx_word' id='word_1_261' title='bbox 820 3156 927 3228; x_wconf 81' lang='lat' dir='ltr'>Ulixes,</span> 
     </span>
     <span class='ocr_line' id='line_1_38' title="bbox 180 3237 858 3297; baseline -0.003 -2"><span class='ocrx_word' id='word_1_262' title='bbox 180 3238 329 3296; x_wconf 90' lang='lat' dir='ltr'>Oblitusve</span> <span class='ocrx_word' id='word_1_263' title='bbox 343 3239 386 3296; x_wconf 89' lang='lat' dir='ltr'>sui</span> <span class='ocrx_word' id='word_1_264' title='bbox 400 3241 444 3297; x_wconf 92' lang='lat' dir='ltr'>est</span> <span class='ocrx_word' id='word_1_265' title='bbox 459 3238 577 3296; x_wconf 88' lang='lat' dir='ltr'>Ithacus</span> <span class='ocrx_word' id='word_1_266' title='bbox 591 3237 752 3295; x_wconf 89' lang='lat' dir='ltr'>discrimine</span> <span class='ocrx_word' id='word_1_267' title='bbox 765 3239 858 3295; x_wconf 90' lang='lat' dir='ltr'>tanto.</span> 
     </span>
     <span class='ocr_line' id='line_1_39' title="bbox 178 3315 921 3395; baseline -0.001 -21"><span class='ocrx_word' id='word_1_268' title='bbox 178 3317 257 3375; x_wconf 90' lang='lat' dir='ltr'>Nam</span> <span class='ocrx_word' id='word_1_269' title='bbox 270 3317 363 3389; x_wconf 90' lang='lat' dir='ltr'>simul,</span> <span class='ocrx_word' id='word_1_270' title='bbox 377 3319 505 3395; x_wconf 87' lang='lat' dir='ltr'>expletus</span> <span class='ocrx_word' id='word_1_271' title='bbox 518 3317 636 3394; x_wconf 88' lang='lat' dir='ltr'>dapibus</span> <span class='ocrx_word' id='word_1_272' title='bbox 649 3316 771 3392; x_wconf 84' lang='lat' dir='ltr'>vinoque</span> <span class='ocrx_word' id='word_1_273' title='bbox 785 3315 921 3393; x_wconf 89' lang='lat' dir='ltr'>sepultus,</span> 
     </span>
     <span class='ocr_line' id='line_1_40' title="bbox 179 3395 935 3474; baseline -0.001 -20"><span class='ocrx_word' id='word_1_274' title='bbox 179 3395 324 3455; x_wconf 81' lang='lat' dir='ltr'>Cervicem</span> <span class='ocrx_word' id='word_1_275' title='bbox 337 3397 470 3456; x_wconf 86' lang='lat' dir='ltr'>inflexam</span> <span class='ocrx_word' id='word_1_276' title='bbox 483 3397 587 3474; x_wconf 88' lang='lat' dir='ltr'>posuit,</span> <span class='ocrx_word' id='word_1_277' title='bbox 596 3396 743 3473; x_wconf 87' lang='lat' dir='ltr'>jacuitque</span> <span class='ocrx_word' id='word_1_278' title='bbox 755 3416 806 3473; x_wconf 88' lang='lat' dir='ltr'>per</span> <span class='ocrx_word' id='word_1_279' title='bbox 819 3398 935 3453; x_wconf 90' lang='lat' dir='ltr'>antrum</span> 
     </span>
     <span class='ocr_line' id='line_1_41' title="bbox 179 3475 895 3549; baseline 0 -17"><span class='ocrx_word' id='word_1_280' title='bbox 179 3475 349 3549; x_wconf 87' lang='lat' dir='ltr'>Immensus,</span> <span class='ocrx_word' id='word_1_281' title='bbox 363 3477 469 3535; x_wconf 91' lang='lat' dir='ltr'>saniem</span> <span class='ocrx_word' id='word_1_282' title='bbox 483 3480 614 3535; x_wconf 90' lang='lat' dir='ltr'>eructans</span> <span class='ocrx_word' id='word_1_283' title='bbox 628 3496 659 3534; x_wconf 88' lang='lat' dir='ltr'>ae</span> <span class='ocrx_word' id='word_1_284' title='bbox 673 3476 765 3534; x_wconf 87' lang='lat' dir='ltr'>frusta</span> <span class='ocrx_word' id='word_1_285' title='bbox 778 3476 895 3534; x_wconf 88' lang='lat' dir='ltr'>cruento</span> 
     </span>
     <span class='ocr_line' id='line_1_42' title="bbox 179 3554 975 3632; baseline -0.001 -20"><span class='ocrx_word' id='word_1_286' title='bbox 179 3555 236 3613; x_wconf 89' lang='lat' dir='ltr'>Per</span> <span class='ocrx_word' id='word_1_287' title='bbox 249 3574 381 3613; x_wconf 91' lang='lat' dir='ltr'>somnum</span> <span class='ocrx_word' id='word_1_288' title='bbox 394 3557 548 3614; x_wconf 87' lang='lat' dir='ltr'>commixta</span> <span class='ocrx_word' id='word_1_289' title='bbox 560 3575 655 3627; x_wconf 89' lang='lat' dir='ltr'>mero;</span> <span class='ocrx_word' id='word_1_290' title='bbox 675 3575 736 3626; x_wconf 91' lang='lat' dir='ltr'>nos,</span> <span class='ocrx_word' id='word_1_291' title='bbox 749 3575 855 3632; x_wconf 89' lang='lat' dir='ltr'>magna</span> <span class='ocrx_word' id='word_1_292' title='bbox 867 3554 975 3631; x_wconf 88' lang='lat' dir='ltr'>precati</span> 
     </span>
     <span class='ocr_line' id='line_1_43' title="bbox 160 3634 906 3712; baseline 0 -21"><span class='ocrx_word' id='word_1_293' title='bbox 160 3640 162 3644; x_wconf 54' lang='lat'><strong>⁴</strong></span> <span class='ocrx_word' id='word_1_294' title='bbox 178 3634 316 3706; x_wconf 89' lang='lat' dir='ltr'>Numina,</span> <span class='ocrx_word' id='word_1_295' title='bbox 330 3636 480 3712; x_wconf 90' lang='lat' dir='ltr'>sortitique</span> <span class='ocrx_word' id='word_1_296' title='bbox 493 3636 577 3707; x_wconf 90' lang='lat' dir='ltr'>vices,</span> <span class='ocrx_word' id='word_1_297' title='bbox 590 3655 648 3694; x_wconf 88' lang='lat' dir='ltr'>una</span> <span class='ocrx_word' id='word_1_298' title='bbox 660 3635 785 3710; x_wconf 90' lang='lat' dir='ltr'>undique</span> <span class='ocrx_word' id='word_1_299' title='bbox 798 3634 906 3692; x_wconf 87' lang='lat' dir='ltr'>circum</span> 
     </span>
     <span class='ocr_line' id='line_1_44' title="bbox 3 3713 861 3790; baseline -0.007 -13"><span class='ocrx_word' id='word_1_300' title='bbox 3 3752 6 3757; x_wconf 95' lang='lat'>·</span> <span class='ocrx_word' id='word_1_301' title='bbox 51 3747 90 3777; x_wconf 55' lang='grc' dir='ltr'>Ἣ</span> <span class='ocrx_word' id='word_1_302' title='bbox 99 3716 153 3776; x_wconf 60' lang='lat' dir='ltr'>wsr</span> <span class='ocrx_word' id='word_1_303' title='bbox 179 3713 348 3790; x_wconf 74' lang='lat' dir='ltr'>Fmdimm,</span> <span class='ocrx_word' id='word_1_304' title='bbox 362 3718 391 3774; x_wconf 90' lang='lat' dir='ltr'>et</span> <span class='ocrx_word' id='word_1_305' title='bbox 404 3716 463 3774; x_wconf 90' lang='lat' dir='ltr'>telo</span> <span class='ocrx_word' id='word_1_306' title='bbox 476 3716 574 3773; x_wconf 92' lang='lat' dir='ltr'>lumen</span> <span class='ocrx_word' id='word_1_307' title='bbox 586 3715 762 3773; x_wconf 85' lang='lat' dir='ltr'>terebramus</span> <span class='ocrx_word' id='word_1_308' title='bbox 776 3716 861 3772; x_wconf 87' lang='lat' dir='ltr'>acuto</span> 
     </span>
     <span class='ocr_line' id='line_1_45' title="bbox 179 3793 892 3871; baseline -0.003 -19"><span class='ocrx_word' id='word_1_309' title='bbox 179 3793 297 3871; x_wconf 88' lang='lat' dir='ltr'>Ingens,</span> <span class='ocrx_word' id='word_1_310' title='bbox 311 3795 387 3870; x_wconf 90' lang='lat' dir='ltr'>quod</span> <span class='ocrx_word' id='word_1_311' title='bbox 399 3797 483 3853; x_wconf 85' lang='lat' dir='ltr'>torva</span> <span class='ocrx_word' id='word_1_312' title='bbox 495 3795 587 3854; x_wconf 89' lang='lat' dir='ltr'>solum</span> <span class='ocrx_word' id='word_1_313' title='bbox 601 3793 654 3853; x_wconf 93' lang='lat' dir='ltr'>sub</span> <span class='ocrx_word' id='word_1_314' title='bbox 666 3794 761 3854; x_wconf 85' lang='lat' dir='ltr'>fronte</span> <span class='ocrx_word' id='word_1_315' title='bbox 773 3793 892 3865; x_wconf 89' lang='lat' dir='ltr'>latebat,</span> 
     </span>
     <span class='ocr_line' id='line_1_46' title="bbox 174 3873 878 3954; baseline -0.003 -22"><span class='ocrx_word' id='word_1_316' title='bbox 174 3873 306 3954; x_wconf 88' lang='lat' dir='ltr'>Argolici</span> <span class='ocrx_word' id='word_1_317' title='bbox 319 3874 402 3954; x_wconf 86' lang='lat' dir='ltr'>clipei</span> <span class='ocrx_word' id='word_1_318' title='bbox 414 3877 465 3933; x_wconf 90' lang='lat' dir='ltr'>aut</span> <span class='ocrx_word' id='word_1_319' title='bbox 478 3875 614 3933; x_wconf 80' lang='lat' dir='ltr'>Phoebeae</span> <span class='ocrx_word' id='word_1_320' title='bbox 627 3874 765 3951; x_wconf 86' lang='lat' dir='ltr'>lampadis</span> <span class='ocrx_word' id='word_1_321' title='bbox 778 3873 878 3944; x_wconf 88' lang='lat' dir='ltr'>instar,</span> 
     </span>
     <span class='ocr_line' id='line_1_47' title="bbox 165 3953 890 4019; baseline -0.006 -5"><span class='ocrx_word' id='word_1_322' title='bbox 165 3954 213 4015; x_wconf 74' lang='lat' dir='ltr'>Et</span> <span class='ocrx_word' id='word_1_323' title='bbox 226 3956 349 4019; x_wconf 88' lang='lat' dir='ltr'>tandem</span> <span class='ocrx_word' id='word_1_324' title='bbox 361 3955 426 4018; x_wconf 88' lang='lat' dir='ltr'>laeti</span> <span class='ocrx_word' id='word_1_325' title='bbox 438 3955 584 4018; x_wconf 87' lang='lat' dir='ltr'>sociorum</span> <span class='ocrx_word' id='word_1_326' title='bbox 593 3954 755 4015; x_wconf 67' lang='lat' dir='ltr'>deiecimus</span> <span class='ocrx_word' id='word_1_327' title='bbox 765 3953 890 4012; x_wconf 80' lang='lat' dir='ltr'>umbras.</span> 
     </span>
    </p>
   </div>
   <div class='ocr_carea' id='block_1_3' title="bbox 0 0 1261 4298">
    <p class='ocr_par' dir='ltr' id='par_1_3' title="bbox 0 0 1261 4298">
     <span class='ocr_line' id='line_1_48' title="bbox 0 0 1261 4298; baseline 0 0"><span class='ocrx_word' id='word_1_328' title='bbox 0 0 1261 4298; x_wconf 95' lang='lat' dir='ltr'> </span> 
     </span>
    </p>
   </div>
  </div>
 </body>
</html>
