2506 4298
436 240 578 284 AEMIIDOS
593 241 655 284 ΗΒ.
669 241 727 284 XII.

126 383 322 461 Nidoremqne
335 384 467 442 ambusta
480 384 574 443 dedit:
595 405 679 462 super
691 385 751 462 ipse
765 389 879 446 secutus

127 462 277 522 caesariem
290 465 361 522 laeva
373 463 483 522 turbati
496 464 611 543 corripit
624 465 724 537 hostis,

126 542 325 621 Impressoque
338 563 415 621 genu
427 545 521 603 nitens
534 547 616 603 terrae
630 545 751 621 applicat
763 545 856 622 ipsum
867 570 874 618 ;

126 622 174 680 Sic
186 623 278 700 rigido
291 624 366 681 latus
381 643 446 682 ense
459 624 533 681 ferit.
574 624 731 682 Podalirius
745 625 849 683 Alsum

125 701 284 775 Pastorem,
298 703 444 780 primaque
457 703 515 762 acie
528 723 578 780 per
590 703 649 762 tela
661 707 800 776 ruentem,

124 781 204 840 Ense
217 802 335 861 sequens
348 783 425 840 nudo
439 783 668 860 superimminet:
688 784 735 842 ille
750 784 842 842 securi

123 860 246 920 Adversi
258 863 383 921 frontem
396 863 519 920 mediam
532 867 719 940 mentumque
731 865 852 922 reducta

123 939 248 1020 Disjicit‚
263 944 293 1000 et
306 962 401 1019 sparso
414 941 472 999 late
485 941 561 1018 rigat
575 962 653 1000 arma
666 963 773 1002 cruore.

123 1019 181 1078 Olli
195 1022 266 1079 dura
279 1021 357 1098 quies
370 1020 465 1080 oculos
480 1023 509 1079 et
522 1021 627 1080 ferreus
641 1026 726 1099 urget

122 1098 262 1172 Somnus3
282 1100 313 1158 in
326 1104 461 1159 aternam
475 1101 645 1159 clauduntur
658 1101 767 1159 lumina
781 1106 908 1162 noctem.

162 1180 205 1237 At
218 1180 281 1257 pius
294 1180 400 1238 AEneas
413 1180 542 1238 dextram
555 1181 691 1239 tendebat
704 1181 844 1240 inermem

121 1259 244 1318 Nudato
256 1260 357 1337 capite,
372 1263 457 1336 atque
471 1279 535 1317 suos
549 1260 669 1318 clamore
682 1262 819 1319 vocabat:

121 1340 212 1412 “Quo
225 1339 332 1398 ruitis?
354 1359 453 1416 quaeve
466 1339 523 1397 ista
535 1359 635 1416 repens
650 1340 789 1399 discordia
801 1340 921 1420 surgit?

119 1418 148 1476 0
162 1419 291 1477 cohibete
304 1419 377 1478 iras!
397 1419 488 1478 ictum
498 1419 560 1496 jam
572 1420 674 1490 foedus,
688 1423 718 1478 et
732 1439 830 1478 omnes

121 1497 296 1575 Compositae
308 1499 385 1576 leges
396 1523 402 1570 ;
423 1499 494 1556 mihi
503 1499 551 1576 jus
565 1519 730 1557 concurrere
744 1498 814 1570 soli;

120 1576 173 1636 Me
186 1577 279 1649 sinite,
294 1582 379 1656 atquc
392 1579 502 1637 auferte
516 1582 619 1636 metus.
660 1579 725 1656 Ego
739 1578 845 1636 foedera
857 1578 924 1636 faxo

120 1656 220 1715 Firma
232 1679 335 1729 manu;
356 1658 486 1716 Turnum
494 1658 555 1736 jam
569 1659 673 1717 debent
686 1659 748 1716 haeo
761 1658 833 1716 mihi
846 1657 953 1716 sacra.”

119 1736 184 1796 Has
197 1737 274 1796 inter
285 1757 377 1810 voces,
390 1737 483 1796 media
495 1739 571 1796 inter
583 1738 653 1796 talia
665 1739 758 1809 verba,

118 1816 204 1889 Ecce,
217 1817 278 1876 viro
292 1817 414 1876 stridens
427 1817 479 1875 alis
492 1817 598 1894 allapsa
610 1817 718 1895 sagitta
730 1820 783 1888 est,

118 1896 276 1968 Incertum,
290 1917 346 1974 qua
358 1896 441 1973 pulsa
453 1917 548 1968 manu,
564 1917 620 1974 quo
634 1898 749 1956 turbine
763 1897 880 1968 adacta3

117 1976 189 2048 Quis
202 1979 317 2034 tantam
329 1976 447 2034 Rutulis
460 1976 582 2048 laudem,
598 1997 715 2035 casusne
729 1978 843 2048 deusne,

117 2056 270 2114 Attulerit.
310 2055 412 2114 Pmssa
425 2060 469 2114 est
482 2055 602 2133 insignis
616 2057 709 2134 gloria
721 2057 809 2127 sacti;

116 2135 149 2193 N
149 2156 181 2194 ec
194 2155 254 2194 sese
267 2135 368 2194 AEneae
377 2135 500 2213 jactavit
513 2136 630 2194 vulnere
645 2137 803 2214 quisquam.

156 2215 280 2288 Turnus,
293 2218 329 2273 ut
342 2215 454 2273 AEnean
468 2215 616 2273 cedentem
630 2236 665 2274 ex
679 2216 792 2294 agmine
806 2215 880 2273 vidit

118 2294 317 2372 Turbatosque
330 2295 424 2366 duces,
439 2279 539 2353 subiet*
547 2315 597 2372 spe
609 2295 736 2354 fervidus
750 2296 831 2354 ardet
842 2319 849 2367 ;

116 2374 216 2434 Poscit
230 2395 316 2452 equos
330 2377 417 2450 atque
431 2374 616 2447 armasimul,
631 2375 761 2452 saltuque
775 2374 915 2452 superbus

122 2454 238 2513 Emicat
251 2455 282 2513 in
296 2474 418 2524 currum,
432 2458 462 2512 et
475 2453 607 2513 manibus
620 2455 738 2514 molitur
750 2455 885 2514 habenas.

122 2535 221 2592 Multa
233 2534 327 2592 virum
339 2534 463 2592 volitans
477 2535 527 2592 dat
537 2534 624 2594 fortia
636 2555 752 2613 corpora
765 2535 842 2606 lcto;

122 2613 280 2672 Semineces
293 2614 384 2673 volvit
397 2614 512 2685 multos,
526 2617 577 2672 aut
590 2615 705 2692 agmina
718 2635 802 2673 curru

122 2692 258 2765 Proterit,
268 2698 318 2752 aut
331 2696 427 2770 raptas
440 2693 615 2770 fugientibus
629 2694 734 2771 ingerit
747 2693 854 2751 hastas.

122 2773 220 2844 Qualis
234 2774 309 2850 apud
322 2774 408 2851 gelidi
418 2792 507 2850 quum
519 2772 637 2830 flumina
650 2772 777 2831 concitus
791 2770 885 2830 Hebri

120 2852 299 2931 Sanguineus
312 2853 429 2911 Mavors
443 2851 532 2928 clipeo
544 2851 681 2928 increpat,
695 2854 780 2928 atque
794 2852 922 2909 furentes

120 2932 203 2992 Bella
216 2953 333 2991 movens
346 2932 480 2991 immittit
494 2951 589 3009 equos,
602 2931 644 2989 illi
658 2951 768 3008 aequore
782 2933 880 3007 aperto

119 3012 199 3071 Ante
212 3016 296 3071 notos
310 3013 520 3091 zephyrumque
532 3011 646 3082 volant3
664 3011 755 3089 gemit
768 3010 871 3069 ultima
883 3008 966 3086 pulsu

120 3091 232 3151 Thraca
244 3093 359 3170 pedum3
373 3092 533 3169 circumque
547 3094 616 3149 atrae
631 3090 803 3150 Formidinis
817 3110 873 3163 ora,

121 3171 239 3250 Iraeque,
254 3172 436 3248 Insidiaeque,
450 3171 495 3230 dei
508 3170 670 3242 comitatus,
684 3174 818 3248 aguntur.

122 3251 200 3310 Talis
210 3273 296 3328 equos
310 3252 400 3310 alacer
413 3251 506 3310 media
518 3251 593 3309 inter
606 3250 706 3329 proelia
719 3250 833 3308 Turnus

121 3330 280 3390 Fumantes
294 3333 395 3390 sudore
409 3331 512 3408 quatit,
526 3331 684 3389 miserabile
695 3330 775 3388 caesis

121 3410 265 3470 Hostibus
279 3410 431 3483 insultans3
446 3410 555 3488 spargit
568 3411 666 3487 rapida
678 3410 786 3487 ungula
795 3427 872 3468 rores

121 3490 305 3569 Sanguinem,
319 3492 463 3568 mixtaque
477 3511 559 3549 cruor
572 3491 696 3549 calcatur
709 3509 801 3548 arena.
1000 3487 1068 3564 [que

121 3570 246 3648 Jamque
258 3571 321 3630 neci
345 3570 567 3648 Sthenelumque
587 3570 675 3642 dedit,
689 3567 919 3648 Thamy1imque,
933 3566 1070 3626 Pholum·

120 3649 212 3710 Hunc
226 3670 391 3729 congressus
405 3653 435 3709 et
448 3650 535 3722 huno;
548 3649 630 3708 illum
643 3650 763 3721 eminus3
777 3648 886 3708 eminus
900 3648 983 3707 ambo

120 3729 303 3803 Imbrasidas,
317 3730 459 3788 Glaucum
471 3733 557 3808 atque
569 3730 676 3802 Laden,
690 3749 759 3806 quos
772 3728 919 3788 Imbrasus
930 3728 991 3806 ipse

120 3809 273 3869 Nutrierat
286 3809 384 3889 Lycia,
397 3810 566 3888 paribusque
579 3813 727 3869 ornaverat
740 3809 835 3881 armis,

120 3888 175 3949 Vel
188 3891 313 3950 conferre
325 3909 451 3962 manum,
464 3889 511 3948 vel
523 3909 596 3968 equo
608 3892 775 3968 praevertere
787 3890 897 3948 ventos.

119 3968 208 4028 Parte
219 3970 275 4029 alia
285 3968 380 4029 media
391 3969 538 4032 Eumedes
550 3969 587 4115 iq
594 3970 700 4052 proelia
708 3970 817 4044 lertur,

612 4071 630 4116 o
