2506 4298
165 225 223 282 212
467 241 493 282 ι.
507 239 647 282 virumn
666 239 808 283 nuncius

165 382 217 440 Vel
231 385 274 454 tu,
288 382 364 459 quod
377 385 512 458 superest,
525 381 628 441 infeste
640 382 759 441 fulmine
772 383 867 454 morti,
934 392 978 431 'vet
1071 374 1083 439 J
1106 400 1113 411 ’

165 462 195 519 Si
208 481 324 534 mereor,
338 463 466 533 demitte,
479 459 584 539 tueque
597 461 644 520 hic
657 462 744 521 obrue
757 463 885 521 dextra.’'

164 542 221 599 Vix
233 540 294 600 haec
307 541 433 600 ediderat
433 562 543 619 ,quum
556 541 651 599 effirsis
663 541 877 601 imbribustra
814 545 877 601 atra

165 621 365 697 Tempestas
345 641 404 680 sme
417 641 494 679 more
507 621 577 679 furit
579 621 765 713 ,tonitruque
778 622 948 681 tremiscunt

164 700 262 759 Ardua
274 704 413 759 terrarum
427 704 457 759 et
471 701 578 783 campi3
598 701 657 759 ruit
672 702 778 760 aethere
790 705 855 761 toto

163 779 306 838 Turbidus
319 780 409 839 imber
422 770 495 857 aqud
507 780 695 858 densisque
667 781 836 872 nigerrimus
850 781 970 852 austris3

163 860 379 937 implenturque
392 879 475 936 super
487 879 611 938 puppes3
631 859 767 918 semiusta
778 860 945 920 madescunt

165 939 295 1012 Robore3
315 940 468 998 restinctus
481 939 569 998 donee
582 959 670 1015 vapor
683 939 783 1011 omnis,
797 943 827 998 et
840 961 946 1014 omnes,

164 1020 293 1090 Quatuor
306 1019 423 1091 amissis,
436 1022 555 1077 servatae
570 1039 587 1076 a
599 1022 679 1096 peste
693 1019 801 1077 carina.

203 1100 245 1157 At
258 1101 339 1175 pater
351 1098 465 1170 AEneas,
479 1118 546 1157 casu
558 1118 709 1156 concussus
722 1099 830 1170 acerbo,

162 1178 249 1235 Nunc
262 1177 319 1237 huc
331 1178 462 1255 ingentes
475 1198 551 1237 nunc
563 1178 630 1236 illuc
643 1180 757 1255 pectore
770 1199 850 1237 curas

163 1257 300 1316 Mutabat
312 1277 442 1316 versans:
463 1257 600 1329 Siculisne
612 1257 747 1316 resideret
761 1259 843 1330 arvis,

164 1337 277 1395 Oblitus
290 1337 423 1409 fetorum,
437 1336 564 1395 Italasne
578 1341 734 1414 capesseret
748 1357 819 1396 oras.

163 1416 239 1475 Tum
252 1416 344 1475 senior
356 1417 478 1488 Nautes,
492 1437 581 1475 unum
594 1417 725 1475 Tritonia
738 1417 832 1475 Pallas

163 1498 255 1568 Quem
268 1497 373 1569 docuit,
387 1496 534 1574 multaque
546 1496 689 1574 insignem
701 1496 824 1555 reddidit
837 1486 950 1570 artef',

162 1576 234 1634 Haec
247 1596 381 1653 responsa
393 1575 488 1648 dabat,
501 1576 547 1634 vel
561 1596 622 1652 quae
634 1576 837 1653 portenderet
828 1596 871 1635 rra

162 1656 273 1741 Magna
285 1656 378 1726 deum,
391 1655 437 1714 vel
450 1676 511 1733 quae
524 1656 647 1715 fatorum
661 1659 789 1734 posceret
802 1656 879 1715 ordo.

161 1736 248 1847 ιΙιιιιιι
252 1726 306 1794 his
319 1735 440 1793 AEneam
453 1736 560 1795 solatus
572 1735 688 1794 vocibus
701 1735 784 1794 infit.

162 1815 265 1874 “Nate
278 1815 338 1886 dea,
351 1835 407 1892 quo
420 1815 481 1873 fata
492 1814 613 1873 trahunt
625 1815 840 1893 sedebuntque,
853 1833 1020 1891 sequamur:

162 1895 306 1972 Quidquid
319 1894 382 1966 erit,
396 1894 553 1973 superanda
565 1895 656 1952 omnis
669 1895 785 1954 fortuna
796 1895 912 1954 ferendo
925 1898 978 1953 est.

161 1975 217 2033 Est
230 1974 284 2032 tibi
297 1974 458 2032 Dardanius
471 1974 575 2033 divinae
590 1974 686 2051 stirpis
699 1975 834 2033 Acestes:

161 2054 249 2112 Hunc
263 2074 331 2131 cape
344 2053 466 2113 consiliis
480 2054 588 2112 socium
601 2057 631 2112 et
644 2053 783 2132 conjunge
795 2052 956 2124 volentem

161 2134 240 2192 Huic
253 2134 342 2206 trade,
356 2133 465 2191 emissis
479 2136 613 2210 superant
626 2133 676 2211 qui
688 2134 816 2205 navibus,
830 2136 860 2192 et
873 2154 943 2210 ques

162 2213 322 2271 Perteesum
335 2213 433 2290 magni
444 2213 551 2290 incepti
563 2233 712 2291 rerumque
725 2215 841 2271 tuarum
854 2216 915 2285 est3

162 2292 377 2370 Longaevosque
391 2312 479 2365 senes,
493 2313 526 2351 ac
538 2293 625 2351 sesses
638 2312 748 2371 aequore
760 2296 876 2365 matres,

163 2372 205 2429 Et
219 2372 356 2449 quidquid
367 2375 463 2430 tecum
475 2372 632 2432 invalidum
645 2375 831 2450 metuensque
843 2371 940 2449 pericli
953 2376 1006 2443 est,

163 2451 281 2529 Delige3
302 2451 389 2510 ethis
404 2451 527 2510 habeant
539 2452 624 2510 terris
637 2452 696 2510 sine
710 2453 815 2510 moenia
826 2451 908 2510 fessi:

163 2531 272 2590 Urbem
285 2531 466 2608 appellabunt
479 2531 614 2607 permisso
627 2531 741 2590 nomine
754 2531 918 2590 Acestam.’'

202 2611 318 2669 Talibus
330 2612 460 2670 incensus
474 2611 558 2669 dietis
572 2611 688 2670 senioris
702 2611 801 2669 amici:

163 2691 238 2748 Tum
251 2691 362 2749 veroin
376 2710 455 2749 cures
470 2691 597 2749 animum
610 2691 753 2749 diducitur
767 2710 881 2762 omnes3

163 2771 204 2829 Et
218 2771 286 2829 Nox
299 2773 361 2828 atre
373 2771 471 2849 polum
483 2770 557 2848 bigis
571 2771 705 2829 subvecta
717 2771 842 2828 tenebat.

163 2850 232 2908 Visa
245 2850 346 2909 dehinc
360 2850 430 2909 coelo
443 2850 527 2909 facies
541 2850 653 2927 delapsa
665 2850 790 2926 parentis

162 2930 296 2988 Anchisa
310 2930 404 2988 subito
417 2930 488 2988 tales
502 2930 643 2989 effimdere
656 2949 755 2988 voees:

163 3015 179 3040 “
188 3010 275 3080 Nate,
288 3009 360 3067 mihi
372 3010 434 3067 vite
446 3009 597 3086 quondam,
611 3009 680 3066 dum
692 3009 754 3067 vita
766 3007 908 3078 manebat,

150 3089 234 3147 Care
247 3089 354 3166 megis3
374 3092 450 3161 nete,
464 3088 558 3147 Iliacis
572 3088 692 3147 exercite
705 3088 789 3160 fatis3

164 3169 288 3245 Imperio
302 3168 368 3226 J
324 3189 385 3227 ovis
398 3169 454 3227 huc
467 3169 549 3226 venio
551 3188 621 3245 ,qur
612 3167 790 3227 'classibus’
781 3185 880 3247 ignem

163 3248 290 3324 Depulit,
305 3250 335 3306 et
347 3249 417 3306 coelo
430 3249 547 3306 tandem
559 3248 708 3306 miseratus
722 3247 757 3305 ab
771 3242 829 3304 alte
843 3248 896 3304 est.

164 3327 295 3386 Consiliis
307 3347 382 3404 pare,
396 3348 458 3403 quae
470 3347 546 3411 nunc
559 3327 747 3404 pulcherrima
759 3326 872 3384 Nautes

164 3408 224 3465 Det
238 3407 346 3465 senior:
367 3408 475 3466 lectos
463 3427 590 3486 juvence,
604 3406 760 3465 fortissima
773 3405 865 3475 corda,

164 3487 252 3544 Defer
263 3487 294 3543 in
308 3486 432 3544 Italiam.
475 3487 552 3544 Gens
566 3487 636 3545 dura
649 3489 734 3562 etque
747 3504 845 3562 aspera
857 3483 938 3543 cultu

164 3565 338 3623 Debellanda
350 3566 405 3623 tibi
417 3566 502 3624 Latio
516 3569 568 3625 est.
609 3566 688 3624 Ditis
700 3569 799 3624 tamen
812 3566 879 3622 ente

164 3646 293 3703 Inlemas
307 3646 405 3703 accede
418 3646 525 3718 domoc,
539 3648 569 3704 et
582 3647 696 3704 Averna
708 3665 758 3723 per
771 3643 831 3702 alta

164 3725 337 3802 Congressus
350 3729 424 3802 pete,
437 3729 513 3796 nate,
527 3745 613 3783 meos
653 3725 722 3783 Non
735 3744 782 3784 me
793 3722 883 3800 impia
894 3726 1018 3798 'namque

163 3805 283 3862 Tartara
295 3805 410 3875 hebent,
424 3771 521 3863 tristes
534 3805 662 3876 umbrae3
683 3804 733 3862 sed
745 3821 858 3861 amoene
870 3800 984 3878 piorum

159 3885 288 3945 Concilia
300 3884 490 3966 Elysiumque
503 3884 573 3943 celo.
613 3883 681 3942 Huc
695 3885 773 3942 casta
786 3881 896 3960 Sibylla

27 3964 98 4032 ἱ
148 3967 317 4049 Nigrarum
331 3968 430 4030 multo
442 3966 590 4049 pecudum
598 3967 631 4027 te
642 3982 781 4044 sangiune
791 3962 885 4020 ducet
