2506 4298
164 220 222 278 398
464 233 491 275 1³.
504 232 644 275 vrsomn
657 232 798 275 monus

205 375 263 434 Olli
276 375 423 435 subridens
436 375 586 434 hominum
600 395 749 452 rerumque
762 379 906 453 repertor:

165 457 234 514 “Et
247 476 381 534 germana
394 455 486 528 doris,
500 455 671 531 Saturnique
685 457 774 514 altera
786 457 888 533 proles,

161 536 274 594 Irarum
288 539 387 595 tantos
401 535 492 593 volvis
505 537 558 593 sub
571 540 685 612 pectore
698 535 828 595 fluctus?

161 616 270 674 Verum
283 636 343 693 age,
357 619 387 674 et
400 615 546 693 inceptum
558 616 665 673 frustra
678 615 817 674 submitte
829 614 962 674 furorem.

161 695 218 767 Do,
232 697 308 773 quod
320 695 380 767 vis3
400 698 430 753 et
444 715 490 753 me
502 695 652 770 victusque
665 695 818 772 volensque
831 696 958 754 remitto.

162 775 326 834 Sermonem
339 775 461 833 Ausonii
473 775 600 851 patrium
613 794 761 850 moresque
774 775 932 848 tenebunt3

160 854 260 932 thue
274 858 326 926 est,
340 874 444 913 nomen
458 854 529 925 erit;
550 853 698 912 commixti
711 874 826 931 corpore
839 857 955 913 tantum

161 934 315 993 Subsident
328 934 439 993 Teucri.
480 933 594 992 Morem
604 933 732 1010 ritusque
746 954 890 992 sacrorum

160 1014 310 1091 Adjiciam‚
323 1014 479 1090 faciamque
493 1033 590 1072 omnes
604 1033 661 1071 uno
675 1033 723 1072 ore
737 1013 864 1072 Latinos.

160 1093 239 1152 Hinc
252 1114 341 1171 genus
354 1093 481 1151 Ausonio
494 1093 618 1151 mixtum
631 1093 707 1169 quod
720 1093 856 1170 sanguine
869 1097 975 1172 surget,

160 1173 252 1249 Supra
264 1173 401 1244 homines,
415 1193 499 1250 supra
511 1172 552 1230 ire
565 1174 631 1232 deos
645 1173 752 1250 pietate
764 1173 889 1245 videbis3

158 1253 222 1311 Nec
235 1273 305 1330 gens
318 1252 378 1311 ulla
389 1257 455 1311 tuos
471 1273 551 1329 aeque
564 1252 717 1311 celebrabit
731 1253 881 1311 honores.'’

158 1332 271 1390 Annuit
285 1332 329 1391 his
343 1333 364 1389 J
365 1352 431 1404 uno,
445 1335 475 1390 et
488 1335 615 1391 mentem
627 1331 727 1389 laetata
739 1332 864 1391 retorsit.

158 1410 274 1470 Interea
286 1412 395 1471 excedit
409 1412 488 1483 coelo,
501 1413 662 1489 nubemque
673 1411 797 1487 reliquit.

198 1491 255 1550 His
269 1493 349 1564 actis,
363 1492 440 1549 aliud
455 1492 573 1550 Genitor
586 1511 681 1549 secum
694 1491 754 1569 ipse
767 1491 888 1563 volutat,
1029 1464 1120 1552 ΜΞ

159 1570 181 1628 J
181 1574 371 1648 uturnamque
384 1574 465 1648 parat
478 1571 573 1629 fratris
587 1570 731 1629 dimittere
745 1571 780 1628 ab
794 1571 887 1629 armis.

158 1649 303 1710 Dicuntur
316 1652 438 1729 geminae
450 1654 543 1728 pestes
557 1650 724 1729 cognomine
738 1651 826 1722 Dine,

158 1730 234 1802 Quas
248 1734 278 1789 et
292 1732 456 1790 Tartaream
469 1731 537 1788 Nox
550 1731 722 1807 intempesta
735 1729 895 1807 Megaeram

157 1809 225 1868 Uno
239 1811 391 1888 eodemque
405 1810 580 1887 tulupam,
593 1811 762 1887 paribusque
775 1809 897 1868 revinxit

158 1889 328 1967 Serpentum
342 1890 433 1969 spiris,
446 1893 632 1966 ventosasque
646 1889 756 1948 addidit
770 1889 837 1947 alas.

157 1969 215 2027 Hae
230 1970 252 2027 J
252 1971 312 2029 oris
327 1971 363 2029 ad
376 1970 487 2041 solium,
501 1971 624 2047 saevique
637 1971 668 2027 in
680 1969 778 2028 limine
791 1968 876 2046 regis,

157 2049 314 2126 Apparent,
329 2053 490 2127 acuuntque
503 2053 614 2108 metum
627 2049 795 2108 mortalibus
808 2048 901 2126 aegris,

158 2128 189 2185 Si
203 2130 314 2204 quando
328 2130 419 2188 letum
431 2130 596 2187 horrificum
610 2130 778 2205 morbosque
792 2128 877 2186 deum
891 2148 940 2185 rex

157 2208 289 2280 Molitur‚
303 2209 419 2267 meritas
433 2213 483 2267 aut
497 2209 570 2268 bello
584 2209 699 2268 territat
713 2209 805 2266 urbes.

157 2287 272 2344 Harum
285 2308 372 2346 unam
385 2289 505 2347 celerem
518 2288 632 2346 demisit
645 2290 680 2346 ab
694 2288 799 2346 aethere
813 2307 923 2344 summo

157 2367 282 2443 Jupiter,
295 2368 381 2444 inque
394 2387 476 2425 omen
492 2368 513 2424 J
514 2371 628 2425 uturnae
642 2387 786 2425 occurrere
796 2367 891 2444 jussit.

156 2446 213 2504 Illa
225 2447 311 2518 volat,
325 2446 462 2522 celerique
475 2447 511 2504 ad
524 2450 629 2505 terram
643 2447 757 2504 turbine
771 2447 879 2504 fertur:

155 2526 225 2583 Non
238 2546 317 2584 secus
330 2547 362 2584 ac
376 2546 462 2585 nervo
475 2546 525 2603 per
538 2527 643 2584 nubem
656 2526 778 2603 impulsa
791 2527 907 2603 sagitta,

153 2606 305 2663 Armatam
318 2606 385 2664 saevi
398 2606 525 2663 Parthus
539 2626 625 2682 quam
637 2606 700 2663 felle
713 2605 823 2677 veneni,

155 2686 289 2758 Parthus,
303 2685 362 2744 sive
375 2685 485 2764 Cydon,
498 2686 590 2744 telum
602 2685 816 2756 immedicabile,
830 2684 924 2756 torsit,

155 2766 284 2824 Stridens
298 2769 328 2824 et
341 2767 443 2825 celeres
456 2766 604 2844 incognita
617 2765 743 2825 transilit
757 2766 880 2823 umbras.

155 2845 233 2903 Talis
247 2866 276 2904 se
289 2849 353 2905 sata
365 2845 461 2905 Nocte
474 2846 554 2918 tulit,
568 2849 713 2923 terrasque
726 2845 838 2922 petivit.

154 2925 314 3001 Postquam
326 2925 399 2984 acies
411 2926 491 2984 videt
505 2926 606 2983 Iliacas
620 2929 706 3002 atque
719 2925 833 3001 agmina
846 2923 946 2995 Turni,
1044 2995 1046 2999 Ι

154 3004 242 3062 Alitis
255 3005 287 3063 in
300 3025 393 3081 parvas
406 3004 531 3063 subitam
545 3006 662 3063 collecte
673 3004 804 3082 figuram,
903 3039 905 3043 Α

156 3084 226 3156 Quae
240 3083 383 3161 quondam
395 3084 427 3142 in
440 3084 532 3142 bustis
546 3088 597 3143 aut
611 3082 782 3142 culnrimbus
796 3082 913 3140 desertis

154 3162 250 3221 Nocte
264 3163 363 3222 sedens
376 3184 471 3222 serum
484 3164 562 3222 canit
574 3165 740 3241 importuna
752 3183 802 3240 per
814 3161 947 3234 umbres3

154 3242 240 3301 Hanc
253 3262 334 3302 versa
346 3243 377 3301 in
390 3243 491 3302 faciem
504 3243 595 3301 Turni
608 3265 638 3302 se
651 3242 738 3321 pestis
753 3244 789 3301 ob
803 3260 852 3300 ora

154 3320 281 3399 Fertque
293 3323 436 3399 refertque
449 3343 560 3395 sonans,
574 3324 750 3400 clipeumque
764 3322 910 3380 everberat
923 3321 982 3380 alis.

153 3398 205 3459 Illi
216 3403 345 3461 membra
357 3422 447 3461 novus
461 3402 546 3461 solvit
560 3403 710 3461 formidine
723 3407 821 3479 torpor
833 3426 839 3474 ;

153 3481 337 3560 Arrectoeque
349 3482 575 3554 horrore-comte,
589 3486 619 3541 et
631 3503 688 3540 vox
700 3482 827 3540 saucibus
840 3479 934 3540 haesit.

153 3561 196 3618 At
209 3562 308 3638 procul
320 3565 354 3620 ut
367 3558 446 3620 Diras
460 3561 611 3620 stridorem
625 3563 743 3639 agnovit
756 3564 786 3620 et
799 3561 866 3634 alas,
899 3579 902 3585 ⁴

154 3640 259 3698 Infelix
272 3641 361 3700 crines
375 3642 479 3700 scindit
493 3641 515 3698 J
515 3644 621 3700 uturna
634 3641 752 3713 solutos,

153 3720 307 3797 Unguibus
320 3741 370 3779 ora
382 3740 460 3779 soror
472 3721 590 3794 soedans,
605 3724 634 3779 et
647 3725 763 3798 pectora
775 3719 897 3799 pugnisz

154 3799 258 3873 “Quid
270 3821 346 3859 nunc
359 3803 390 3859 te
402 3803 462 3872 tua,
476 3800 580 3872 Turne,
594 3804 690 3878 potest
703 3821 838 3878 germana
846 3797 969 3877 juvare?

142 3881 212 3943 Aut
224 3881 296 3963 quid
303 3881 369 3965 jam
381 3880 459 3942 dure
472 3883 588 3960 superat
598 3879 693 3938 mibi?
714 3901 771 3958 qua
781 3880 837 3938 tibi
849 3880 942 3938 lucem

133 3964 216 4028 Arse
228 3965 356 4032 morer?
376 3964 461 4030 talin’
477 3982 603 4048 possum
612 3981 662 4022 me
675 3979 816 4039 opponere
824 3956 975 4015 menstrui

509 4079 539 4242 1
