2506 4298
451 220 592 264 AENEIDOS
606 220 669 263 nm.
682 220 712 263 V.
996 210 1054 269 203

110 360 211 440 Digna
223 361 327 422 dabis?
346 360 466 440 primam
480 362 632 440 meruiqui
644 363 727 433 laude
740 383 881 439 coronam,
921 332 955 429 fh
987 372 1051 453 laq
1082 382 1117 423 aa
1132 388 1141 417 e
1159 334 1225 415 ··..s.

112 441 155 499 Ni
168 461 223 515 me,
237 461 299 519 quae
313 441 429 514 Salium,
442 442 558 500 fortuna
570 442 685 502 inimica
697 443 812 502 tulisset
821 444 848 502 :”

10 538 17 569 τ·
41 562 44 567 -
112 521 157 579 Et
169 521 255 580 simul
267 520 313 581 his
327 521 411 580 dictis
423 521 524 580 faciem
538 524 709 595 ostentabat,
723 526 753 582 et
766 524 823 582 udo

112 600 221 678 'ltrrpia
232 601 360 660 membra
372 588 449 660 fiino.
490 600 569 659 Risit
581 606 663 679 pater
676 603 800 679 optimus
814 603 870 677 olli,

112 679 156 738 Et
169 680 291 757 clipeum
303 681 395 739 efferri
404 680 500 758 jussit,
513 680 702 758 Didymaonis
716 685 800 756 artes,

111 759 245 836 Neptuni
257 780 336 818 sacro
349 759 456 818 Danais
471 760 505 818 de
517 765 599 837 poste
612 761 740 820 refixum.
758 744 843 828 duxlt
855 790 871 822 a
901 744 1015 829 larun

113 838 180 897 Hoc
188 839 324 917 juvenem
337 839 483 917 egregium
496 840 645 916 praestanti
657 860 773 900 munere
786 841 883 900 donat.

153 918 234 991 Post,
246 918 296 977 ubi
309 919 430 977 confecti
444 938 550 990 cursus,
564 923 594 977 et
607 920 681 978 dona
693 921 803 999 peregit
813 933 842 988 :l
854 962 862 987 .-
902 925 921 985 l
927 926 958 987 sl,
976 938 1035 1011 pra
1044 906 1076 975 (ἑ
1086 896 1113 958 A
1125 909 1140 954 7
1166 872 1240 968 lde

114 1001 130 1028 “
138 997 170 1054 N
170 1018 235 1071 unc,
248 998 274 1057 si
286 998 333 1057 cui
344 998 436 1056 virtus
450 999 616 1076 animusque
628 999 660 1057 in
672 1003 787 1076 pectore
800 1021 925 1077 praesens
966 1062 971 1073 ,
986 1016 1031 1078 J„
1045 1008 1073 1075 e‘l
1110 978 1161 1074 Lis,
1180 996 1209 1091 s
1224 1026 1237 1053 a

112 1077 208 1150 Adsit,
222 1081 252 1137 et
265 1077 385 1136 evinctis
398 1078 514 1136 attollat
526 1077 642 1136 brachia
654 1079 786 1156 palmis.’'
809 1076 830 1137 ’τ
845 1114 860 1143 2,
872 1088 904 1142 ‚.·;
939 1102 971 1147 e„
990 1082 1018 1136 ll
1046 1098 1095 1149 pr,
1137 1093 1170 1138 ιν
1177 1078 1239 1147 A„

113 1156 161 1214 Sic
173 1157 224 1226 ait,
237 1161 268 1216 et
280 1157 425 1236 geminum
438 1178 541 1235 pugnae
554 1159 687 1235 proponit
700 1159 853 1218 honorem:

112 1236 224 1295 Victori
236 1238 363 1296 velatum
376 1257 444 1296 auro
456 1237 594 1314 vittisque
602 1239 773 1316 juvencum

113 1316 222 1375 Ensem
235 1320 321 1394 atque
333 1316 476 1394 insignem
488 1316 607 1394 galeam,
621 1317 722 1375 solatia
734 1318 820 1376 victo.
835 1315 836 1318 ’

36 1404 40 1409 ’
112 1395 144 1453 N
145 1416 176 1454 ec
188 1416 284 1469 mora,
304 1397 440 1455 continuo
452 1396 542 1454 vastis
555 1417 620 1455 cum
633 1397 740 1455 viribus
753 1399 834 1456 effert
930 1438 932 1442 ψ
960 1460 965 1473 f
987 1446 990 1451 .

12 1484 34 1521 ³³
113 1474 284 1547 OraDares,
297 1476 563 1554 magnoquevirum
577 1496 607 1534 se
619 1497 764 1535 murmure
777 1478 872 1550 tollit;
897 1474 1022 1552 1³,'·,·'¹·'‘¹‘
1037 1478 1058 1513 ‘'-

61 1572 68 1581 “
111 1554 196 1613 Solus
209 1556 258 1631 qui
272 1555 404 1614 Paridem
417 1555 517 1614 solitus
531 1556 702 1615 contendere
714 1559 821 1629 contra,

112 1634 251 1711 Idemque
265 1635 302 1693 ad
313 1635 467 1707 tumulum,
481 1655 537 1712 quo
550 1636 689 1694 maximus
704 1638 823 1695 occubat
836 1636 956 1708 Hector,
1002 1632 1046 1687 ss,
1055 1650 1075 1685 s

111 1714 260 1773 Victorem
272 1715 370 1774 Buten
382 1715 501 1773 immani
514 1735 637 1792 corpore,
650 1716 699 1792 qui
712 1735 742 1774 se
948 1782 951 1787 ,
990 1782 993 1787 ,
1050 1753 1058 1771 ,-
1126 1764 1132 1789 ,

112 1788 258 1872 Bebrycii
265 1794 381 1854 veniens
394 1786 498 1873 Am‘y‘ci
511 1795 546 1853 de
559 1798 645 1872 gente
658 1796 774 1865 ferebat,
788 1811 810 1843 ἰ
826 1812 851 1846 *r
870 1812 891 1845 a
906 1790 951 1843 τ-νῖ
979 1790 1000 1835 ἶ·
1062 1802 1070 1829 ¹
1084 1796 1114 1829 Ν·
1123 1804 1139 1836 .-

112 1873 250 1945 Peroulit,
264 1877 294 1932 et
306 1874 390 1933 firlva'
396 1875 597 1932 moribundum
611 1869 740 1933 extendit
753 1893 845 1932 arena.

113 1953 191 2011 Talis
204 1953 296 2031 prima
308 1953 399 2013 Dares
412 1956 498 2031 caput
511 1954 601 2012 altum
614 1954 645 2011 in
658 1954 757 2031 proelia
769 1954 855 2026 tollit,

113 2032 303 2110 Ostenditque
316 2034 448 2092 humeros
461 2033 543 2105 latoS,
557 2033 719 2110 alternaque
728 2033 821 2111 jactat

112 2112 238 2171 Brachia
249 2113 429 2191 protendens,
443 2116 473 2172 et
485 2114 615 2171 verberat
628 2113 732 2171 ictibus
746 2133 836 2171 auras.
1173 2170 1176 2175 .

114 2192 258 2263 Quaritur
269 2191 337 2251 huic
350 2193 437 2251 alius:
457 2212 510 2251 nec
523 2192 671 2270 quisquam
686 2213 720 2251 ex
733 2193 846 2270 agmine
858 2195 941 2251 tanto
963 2196 1004 2239 tlh
1030 2178 1118 2275 ¹¹qu
1132 2195 1158 2228 '’

113 2272 212 2330 Audet
225 2272 301 2331 adire
313 2272 416 2343 virum,
429 2273 614 2348 manibusque
627 2273 759 2331 inducere
773 2276 875 2331 cestus.
986 2276 1093 2335 “arft-¹
1126 2288 1162 2349 ζ’·

114 2351 195 2427 Ergo
208 2351 314 2424 alacris,
328 2355 501 2429 cunctosque
513 2355 618 2428 putans
631 2353 762 2411 excedere
775 2340 877 2429 palmei,
1020 2350 1040 2415 ,“
1087 2340 1129 2417 „d
1188 2392 1192 2399 ·

104 2430 215 2495 ,AEneae
229 2432 312 2490 stetit
325 2434 392 2490 ante
405 2432 505 2511 pedes;
525 2451 577 2491 nec
589 2432 670 2509 plura
687 2434 822 2504 moratus,
1100 2454 1103 2465 ·
1130 2442 1155 2481 -'·

10 2532 17 2555 ι
44 2498 106 2535 '‘⁹‘'
114 2509 191 2568 Tum
203 2505 278 2570 laevd
286 2514 402 2570 taurum
415 2531 503 2570 cornu
515 2514 604 2583 tenet,
618 2514 704 2588 atque
716 2513 759 2570 ita
770 2512 863 2570 fatur:

114 2589 220 2648 “Nate
233 2591 293 2662 dea,
306 2591 331 2650 si
343 2611 428 2650 nemo
441 2591 528 2649 audet
541 2611 570 2650 sa
583 2591 694 2650 credere
707 2612 819 2669 pugnae,

114 2669 263 2741 Quaefinis
276 2669 394 2730 standi?
415 2691 471 2748 quo
484 2690 530 2729 me
544 2671 726 2748 decetusque
739 2669 855 2730 teneri?
1238 2728 1240 2749 2

114 2748 227 2808 Ducere
234 2750 314 2826 ,dona
322 2750 421 2828 jube.’'
463 2749 568 2809 Cuncti
580 2750 665 2808 simul
678 2770 726 2808 ore
739 2751 897 2808 fremebant
998 2776 1001 2781 >
1020 2782 1024 2789 ·
1086 2760 1103 2783 ·'
1130 2780 1134 2785 ·
1155 2764 1193 2829 *J
1226 2754 1236 2771 ‘

114 2826 295 2901 Dardanidae,
308 2829 442 2906 reddique
454 2829 516 2887 viro
529 2830 667 2906 promissa
674 2830 824 2907 jubebant.
853 2828 871 2887 l
876 2838 880 2861 ²
941 2866 962 2890 a
1041 2886 1044 2891 .
1127 2900 1131 2907 Ι
1171 2870 1175 2881 ,

115 2907 176 2966 Hic
189 2908 283 2986 gravis
296 2908 447 2967 Entellum
459 2909 543 2967 dictis
556 2899 679 2987 castigat
692 2909 819 2981 Acestes,

115 2987 268 3046 Proximus
280 2992 316 3046 ut
328 2988 469 3047 viridante
482 2992 546 3047 toro
560 2989 724 3048 consederat
737 2988 851 3046 herbae:

115 3071 134 3097 ‘⁴
143 3066 266 3140 Entella,
278 3067 398 3127 heroum
411 3068 554 3145 quondam
566 3067 720 3127 fortissime
733 3069 847 3140 frustra,

115 3145 247 3206 Tantane
259 3150 321 3205 tam
334 3147 445 3225 patiens
458 3147 536 3206 nullo
549 3148 703 3207 certamine
716 3148 781 3206 tolli

114 3225 202 3285 Dona
214 3225 312 3287 sines?
331 3227 382 3285 ubi
394 3248 470 3286 nunc
482 3227 564 3287 nobis
578 3228 646 3286 dens
658 3227 714 3299 ille,
727 3227 864 3304 magister

114 3305 318 3384 Nequidquam
330 3310 513 3378 memoratus,
526 3307 631 3384 Eryx?
651 3307 701 3365 ubi
714 3307 790 3365 fama
802 3325 852 3383 per
865 3326 979 3365 omnem

115 3385 302 3459 illinamiam,
315 3389 345 3445 et
358 3387 448 3464 spolia
460 3387 510 3445 illa
523 3387 580 3445 tuis
593 3387 746 3463 pendentia
758 3386 843 3445 tectis
853 3385 888 3445 ?”

115 3464 172 3524 Ille
185 3465 238 3543 sab
251 3466 328 3526 haec:
349 3471 365 3498 “
374 3466 443 3525 Non
456 3467 547 3525 laudis
561 3487 648 3538 amor,
661 3487 713 3524 nec
727 3466 817 3544 gloria
830 3465 915 3524 cessit
953 3484 1007 3517 ιιι-
1030 3502 1032 3507 .
1138 3490 1143 3497 -
1222 3478 1226 3489 ·

115 3544 205 3603 Pulsa
216 3540 314 3618 metu3
335 3546 384 3605 sed
397 3546 473 3604 enim
486 3546 596 3623 gelidus
609 3546 742 3605 tardante
755 3548 868 3604 senecta

115 3625 239 3704 Sanguis
251 3626 347 3698 hebet,
360 3625 521 3704 frigentque
534 3626 626 3684 effetae
640 3626 671 3701 in
684 3645 798 3702 corpore
811 3624 893 3683 vires.

115 3705 148 3763 Si
160 3705 242 3778 mihi,
256 3725 318 3783 quae
331 3706 473 3783 quondam
485 3706 587 3776 dierat,
601 3725 710 3782 quaque
723 3705 867 3781 improbus
880 3705 935 3764 iste

116 3785 255 3845 Exsultat
267 3786 366 3856 fidens,
380 3785 405 3844 si
416 3805 493 3844 nuno
505 3785 579 3845 soret
591 3784 642 3844 illa
650 3785 799 3862 juventas3

115 3864 207 3924 Haud
220 3865 351 3944 equidem
363 3865 456 3943 pretio
468 3863 603 3923 inductus
615 3863 789 3943 pulchroque
797 3863 919 3940 juvenco
1086 3922 1100 3941 ,x
1132 3924 1139 3931 ,
1165 3930 1170 3939 ⁸
1189 3933 1193 3939 Ι

116 3942 285 4006 venissem:
304 3965 357 4005 nec
370 3945 443 4005 dona
454 3944 580 4005 moror.'’
622 3944 670 4008 Sic
683 3943 787 4007 deinde
796 3943 918 4006 locutam
1020 3960 1028 4041 ’ἱ
1052 3957 1060 3975 “
1076 3966 1084 3979 “
1225 3940 1231 3953 ’
