2506 4298
142 214 201 271 314
446 229 628 272 nvrncmn
640 228 782 272 nuncius

143 368 275 448 Amplius
288 370 407 429 audaces
420 370 533 444 Rutuli,
546 372 596 430 sed
608 371 710 449 pellere
723 370 798 430 vallo

142 449 301 508 Missilibus
315 453 436 509 certant.

143 529 231 588 Parte
244 529 299 588 alia
312 529 468 589 horrendus
481 530 545 589 visu
558 530 709 607 quassabat
723 530 876 588 Etruscam

142 608 258 682 Pinum,
272 612 303 668 et
315 610 460 668 fumiferos
474 611 561 669 infert
575 609 736 668 Mezentius
750 609 847 687 ignes;

143 690 186 747 At
199 689 349 766 Messapus
363 709 467 766 equum
480 689 613 761 domitor,
627 689 775 766 Neptunia
787 690 888 767 proleS,

143 768 293 828 Rescindit
306 768 421 841 vallum,
435 773 465 828 et
479 770 566 828 scalas
575 769 606 827 in
619 769 724 827 moenia
735 770 836 846 poscit.

182 848 250 920 Vos,
264 869 281 907 ο
295 848 429 926 Calliope,
441 869 548 927 precor,
562 848 684 926 aspirato
697 849 819 921 canenti,

144 928 221 1000 Quas
234 928 274 986 ibi
287 931 357 986 tunc
366 929 440 988 ferro
454 933 572 1006 strages,
586 949 648 1005 quae
663 928 761 986 funera
773 929 887 986 Turnus

143 1007 284 1080 Ediderit,
298 1028 382 1084 quem
396 1008 514 1084 quisque
526 1008 620 1066 virum
634 1007 778 1066 demiserit
792 1008 883 1080 Orco;

143 1087 186 1145 Et
198 1107 311 1146 mecum
323 1087 455 1165 ingentes
470 1108 532 1146 oras
546 1087 668 1146 evolvite
681 1088 756 1145 belli.

146 1167 203 1245 [Et
214 1166 385 1225 meministis
399 1168 484 1239 enim,
497 1167 578 1238 divae,
592 1170 623 1226 et
635 1187 791 1225 memorare
803 1165 947 1244 potestis]

183 1247 282 1305 Turris
295 1249 356 1305 erat
369 1249 451 1306 vasto
465 1250 598 1324 suspectu
611 1251 641 1305 et
653 1247 790 1324 pontibus
803 1247 878 1320 altis,

143 1326 313 1404 Opportuna
324 1326 403 1398 looo;
423 1326 541 1386 summis
556 1347 641 1404 quam
653 1326 761 1385 viribus
774 1346 872 1384 omnes

143 1405 317 1484 Expugnare
330 1405 408 1477 Itali,
422 1426 587 1482 summaque
600 1409 725 1465 evertere
738 1426 825 1483 opum
837 1406 867 1464 vi

144 1484 316 1544 Certabant:
338 1486 427 1544 'Prode
441 1488 541 1545 contra
554 1486 701 1544 defendere
714 1486 797 1558 saxis,

144 1565 254 1643 Perque
268 1585 350 1624 cavas
363 1566 443 1624 densi
455 1565 514 1625 tela
526 1565 688 1642 intorquere
701 1565 848 1624 fenestras.

144 1645 279 1723 Princeps
293 1645 440 1704 ardentem
453 1645 573 1723 conjecit
586 1645 718 1722 lampada
730 1645 853 1718 Turnus,

143 1724 186 1782 Et
198 1725 344 1784 flammam
357 1725 447 1783 affixit
460 1725 559 1796 lateri;
579 1745 644 1802 quae
657 1724 780 1802 plurima
791 1727 878 1783 vento

144 1804 289 1882 Corripuit
301 1805 423 1877 tabulas,
436 1808 467 1864 et
478 1805 608 1883 postibus
622 1804 705 1863 haesit
718 1805 817 1863 adesis.

144 1884 265 1943 Turbati
278 1884 419 1962 trepidare
432 1884 520 1957 intus,
533 1885 694 1961 frustraque
706 1884 847 1943 malorum

144 1964 224 2023 Velle
238 1965 345 2043 fugam.
385 1965 466 2023 Dum
479 1985 508 2023 se
521 1965 690 2043 glomerant,
703 1967 836 2042 retroque
849 1962 979 2022 residunt

143 2043 183 2102 In
195 2047 307 2122 partem
320 2065 382 2122 qun
396 2049 476 2122 peste
489 2048 575 2116 caret,
588 2047 652 2102 tum
666 2044 789 2121 pondere
802 2042 889 2102 turris

144 2123 302 2183 Procubuit
315 2125 420 2196 subito,
434 2129 464 2183 et
478 2124 581 2183 coslum
593 2126 677 2182 tonat
691 2144 774 2181 omne
788 2123 907 2202 fragore.

144 2204 302 2262 Semineces
316 2205 351 2262 ad
364 2207 479 2276 terram,
492 2204 611 2262 immani
623 2203 697 2261 mole
710 2207 815 2276 secuta,

144 2283 310 2358 Confixique
324 2283 382 2341 suis
395 2284 460 2341 telis
475 2288 504 2342 et
518 2287 633 2361 pectora
645 2284 716 2341 duro

143 2362 304 2420 Transfossi
316 2362 395 2439 ligno
408 2363 537 2421 veniunt.
577 2362 634 2420 Vix
647 2383 720 2420 unus
734 2363 870 2435 Helenor,

143 2442 186 2500 Et
200 2442 295 2520 Lycus
309 2443 412 2519 elapsi3
432 2463 553 2519 quorum
565 2442 716 2520 primaevus
730 2443 865 2515 Helenor,

143 2522 270 2580 Maeonio
284 2522 345 2599 regi
361 2542 444 2598 quem
459 2543 539 2580 serva
551 2522 701 2600 Licymnia
714 2522 815 2580 furtim

144 2602 313 2674 Sustulerat,
327 2602 480 2678 vetitisque
493 2603 530 2660 ad
542 2602 656 2679 Trojam
670 2602 786 2660 miserat
799 2601 892 2674 armis,

139 2681 221 2740 Ense
234 2681 303 2740 levis
317 2682 403 2753 nude,
415 2666 568 2758 parmdque
581 2681 718 2757 inglorius
732 2670 804 2739 albb.

143 2761 231 2839 Isque
244 2763 294 2820 ubi
308 2782 337 2820 se
351 2762 442 2819 Turni
454 2762 548 2820 media
560 2762 636 2819 inter
649 2761 739 2818 millia
751 2761 833 2832 vidit,

143 2841 222 2900 Hinc
236 2842 317 2914 acies,
331 2844 416 2918 atque
429 2841 496 2899 hinc
510 2841 581 2900 acies
596 2841 707 2898 adstare
721 2840 855 2912 Latinas3

144 2921 189 2979 Ut
202 2921 268 2993 fera,
283 2941 344 2997 quae
358 2906 445 2980 donst
457 2924 612 2979 venantum
628 2923 709 2996 septa
722 2905 830 2979 coronll

144 3000 253 3060 Contra
264 3001 323 3059 tela
335 3001 414 3072 furit,
429 3021 543 3078 seseque
556 3000 634 3058 haud
647 3000 742 3058 nescia
754 3000 843 3058 morti

142 3079 251 3158 Injicit‚
266 3084 296 3138 et
309 3081 385 3139 saltu
398 3101 483 3157 supra
495 3079 635 3138 venabula
646 3080 754 3138 fertur:

143 3159 234 3218 Haud
246 3159 329 3218 aliter
338 3159 450 3237 juvenis
463 3161 571 3218 medios
584 3159 740 3217 moriturus
754 3159 785 3216 in
797 3157 895 3216 hostes

143 3238 251 3310 Irruit;
272 3243 310 3312 et,
325 3260 380 3316 qua
393 3240 452 3298 tela
464 3239 542 3298 videt
556 3239 729 3310 densissima,
742 3237 846 3297 tendit.

141 3319 184 3376 At
196 3319 315 3396 pedibus
328 3318 413 3396 longe
426 3319 525 3377 melior
539 3319 634 3397 Lycus
647 3319 724 3376 inter
738 3322 768 3376 et
781 3318 888 3388 hostes,

142 3397 226 3456 Inter
240 3402 269 3457 et
283 3419 370 3470 arma,
382 3381 452 3476 fugi
464 3419 559 3456 muros
573 3401 662 3470 tenet,
676 3398 788 3474 altaque
803 3400 894 3456 certat

144 3476 286 3536 Prendere
298 3482 377 3536 tecta
389 3499 485 3549 manu,
499 3478 661 3554 sociumque
674 3478 817 3555 attingere
831 3477 954 3536 dextras.

144 3556 237 3627 Quem
250 3557 373 3629 Turnus,
386 3559 492 3635 pariter
506 3577 591 3616 cursu
603 3558 716 3634 teloque
730 3560 854 3628 secutus,

143 3634 279 3713 Increpat
291 3636 336 3694 his
349 3638 459 3696 victor:
481 3642 497 3668 “
508 3637 668 3695 Nostrasne
681 3637 807 3708 evadere,
821 3636 945 3708 demens,

144 3714 270 3792 Sperasti
282 3719 313 3774 te
325 3736 407 3794 posse
420 3737 522 3775 manus
532 3715 545 3776 Ρ
556 3717 574 3742 ”
596 3716 682 3775 simul
695 3716 795 3794 arripit
809 3715 906 3792 ipsum

144 3794 330 3868 Pendentem,
344 3799 374 3854 et
387 3817 492 3874 magna
504 3796 579 3854 muri
592 3816 657 3854 cum
670 3799 752 3874 parte
765 3795 894 3854 revellit:

144 3875 242 3946 Qualis
255 3875 306 3933 ubi
318 3879 370 3933 aut
381 3876 515 3953 leporem,
528 3879 580 3934 aut
593 3876 726 3935 candenti
739 3895 855 3953 corpore
868 3894 999 3950 cycnum,

145 3954 268 4015 Sustulit
281 3955 341 4015 elta
352 3959 452 4035 potans
465 3955 584 4034 pedibus
598 3955 620 4014 J
621 3955 681 4015 ovis
695 3955 818 4034 armiger
831 3954 929 4028 unois;
