2506 4298
195 193 253 252 198
500 209 529 252 r.
542 209 682 251 rrnemn
695 209 837 253 meurs

195 350 233 408 In
246 369 323 408 mare
336 349 510 428 praecipitem
522 351 609 430 puppi
623 352 757 411 deturbat
770 353 806 411 ab
820 352 894 411 alta:

196 430 263 507 Ipse
276 430 446 507 gubernaclo
458 434 552 490 rector
566 431 652 503 subit,
665 432 724 509 ipse
737 431 882 510 magister,
1053 486 1060 497 ,
1112 492 1115 499 ,

196 509 397 587 Hortatusque
410 511 494 583 viros,
508 512 673 588 clavumque
687 512 723 569 ad
735 511 821 570 litora
833 514 958 589 torquet.
992 546 1016 565 ..ν
1039 474 1112 567 lde!

196 589 240 647 At
253 589 357 668 gravis,
370 593 405 649 ut
418 590 506 649 fundo
520 590 568 648 vix
581 591 698 650 tandem
710 591 838 649 redditus
851 591 910 650 imo
923 594 969 650 est

197 668 219 726 J
220 689 267 727 am
280 670 380 741 senior,
393 670 561 747 madidaque
574 670 664 728 fluens
676 670 708 728 in
720 673 808 743 veste,
821 670 974 746 Menoetes,

197 749 316 806 Summa
327 749 401 826 petit
415 749 531 827 scopuli,
545 750 673 827 siccaque
685 750 717 807 in
729 770 799 826 rupe
811 751 925 810 resedit.

195 828 284 886 Illum
297 831 327 886 et
339 829 483 888 labentem
496 829 598 888 Teucri
611 831 641 887 et
653 829 738 888 risere
751 832 915 902 natantem

183 912 187 922 “
198 907 255 985 [Et
268 907 354 966 salsos
367 908 462 967 rident
474 911 668 967 revomentem
680 911 794 986 pectore
805 909 933 987 fluctus]

195 987 255 1046 Hic
268 988 334 1045 laeta
346 989 479 1046 extremis
493 1008 555 1065 spes
569 991 613 1046 est
626 1008 742 1047 accensa
754 988 873 1061 duobus,

196 1067 329 1145 Sergesto
343 1067 553 1145 Mnestheique,
567 1067 653 1145 Gyan
666 1087 795 1145 superare
808 1072 977 1129 morantem.
1097 1094 1102 1105 ¹
1142 1094 1147 1103 ·

195 1148 344 1224 Sergestus
357 1147 434 1224 capit
447 1150 513 1205 ante
526 1148 629 1218 locum,
642 1147 811 1224 scopuloque
824 1149 996 1227 propinquat
1005 1173 1013 1221 ;
1020 1145 1081 1251 Μ
1103 1145 1157 1220 aL,
1174 1127 1248 1213 sdan

195 1227 258 1285 Nec
271 1229 336 1285 tota
347 1230 445 1285 tamen
458 1226 505 1286 ille
517 1227 594 1302 prior
606 1230 749 1303 praeeunte
763 1227 873 1300 carina;

194 1306 282 1364 Parte
295 1306 387 1391 pqipr3
406 1309 518 1383 partem
530 1309 623 1365 rostro
636 1306 741 1384 premit
754 1307 855 1366 aemula
868 1307 980 1366 Pristis.

194 1385 237 1444 Ae
250 1386 343 1444 media
356 1385 445 1444 socios
457 1386 589 1444 incedens
603 1405 675 1444 nave
686 1406 737 1463 per
749 1386 825 1464 ipsos

194 1464 340 1523 Hortatur
352 1466 539 1525 Mnestheus:
561 1470 576 1496 “
586 1465 682 1537 Nunc,
695 1486 771 1525 nunc
783 1466 923 1545 insurgite
936 1466 1030 1540 remis,

193 1544 333 1604 Hectorei
345 1545 421 1618 socii,
436 1545 529 1624 Trojae
544 1565 614 1623 quos
627 1548 704 1603 sorte
717 1566 847 1622 suprema

194 1624 298 1703 Delegi
311 1625 445 1696 comites;
465 1645 541 1683 nunc
554 1624 616 1682 illas
629 1624 751 1701 promite
764 1625 846 1698 vires,

194 1704 281 1762 Nunc
295 1704 413 1776 animos,
427 1705 528 1781 quibus
541 1704 572 1762 in
586 1703 707 1762 Gaetulis
720 1705 852 1782 Syrtibus
865 1704 919 1778 usi,

194 1784 332 1860 Ionioque
345 1784 425 1856 mari,
439 1784 596 1860 Maleaeque
610 1783 774 1861 sequacibus
787 1785 880 1842 undis.

194 1864 264 1922 Non
272 1863 334 1942 jam
347 1864 439 1940 prima
451 1867 519 1940 peto
532 1863 712 1934 Mnestheus,
726 1884 817 1941 neque
830 1864 942 1922 vincere
955 1865 1050 1935 cert03

195 1944 374 2020 Quamquam
388 1944 420 2002 o!
441 1943 491 2001 sed
504 1948 646 2020 superent,
662 1943 764 2020 quibus
781 1944 844 2016 hoc,
859 1944 1004 2020 Neptune,
1018 1941 1140 2016 dedisti3

193 2024 347 2081 Extremos
359 2023 466 2100 pudeat
479 2023 610 2081 rediisse:
631 2022 685 2080 hoc
699 2022 813 2095 vincite,
828 2023 911 2096 cives,

193 2102 236 2160 Et
249 2102 397 2179 prohibete
409 2102 517 2161 nefas.'’
559 2101 616 2160 Olli
629 2102 781 2160 certamine
795 2122 905 2161 summo

195 2181 409 2240 Procumbunt:
430 2182 519 2239 vastis
532 2181 632 2239 tremit
642 2181 746 2240 ictibus
759 2202 831 2241 aerea
842 2181 954 2259 puppis,
1145 2236 1151 2249 ,
1209 2224 1213 2235 .

192 2261 431 2338 Subtrahiturque
444 2261 552 2333 solum;
571 2264 637 2319 tum
650 2262 746 2320 creber
759 2262 902 2321 anhelitus
915 2265 995 2322 artus
1011 2248 1037 2309 V·
1066 2266 1118 2305 Η»
1135 2268 1158 2301 0’
1176 2254 1209 2303 '²'
1226 2260 1246 2293 '¹

194 2340 338 2416 Aridaque
351 2361 400 2398 ora
413 2340 524 2418 quatit;
545 2341 630 2399 sudor
641 2340 707 2399 fluit
720 2341 843 2419 undique
856 2341 933 2400 rivis.

194 2419 307 2478 Attulit
319 2420 380 2497 ipse
392 2420 460 2478 viris
474 2422 606 2497 optatum
619 2440 699 2478 casus
711 2419 857 2479 honorem.
887 2436 920 2471 re
932 2438 999 2471 m
1029 2418 1176 2467 ffum-

194 2500 327 2575 Namque
340 2500 435 2558 fruens
449 2500 544 2571 animi,
559 2500 628 2557 dum
640 2520 752 2577 proram
766 2501 803 2558 ad
816 2521 883 2559 sara
894 2500 1051 2589 suburget,
1128 2564 1131 2569 ,

195 2579 328 2652 Interior,
343 2579 489 2656 spatioque
503 2579 579 2637 subit
594 2579 743 2657 Sergestus
755 2579 853 2658 iniquo
863 2606 869 2640 ι
878 2577 981 2634 ’Μ’-ω
1007 2592 1088 2654 ’·,””·“
1124 2598 1161 2623 *³
1226 2590 1248 2613 ³⁶

195 2658 301 2716 Infelix
314 2659 387 2717 saxis
400 2659 431 2716 in
443 2659 673 2737 prccmreutibus
685 2659 778 2741 baeqit.
940 2660 982 2733 '1¹2
994 2682 1010 2707 e
1024 2688 1028 2703 ι
1044 2664 1058 2707 2*
1095 2674 1101 2691 ¹
1143 2664 1160 2723 ‘T
1173 2660 1177 2691 ²
1224 2676 1248 2685 ·

194 2738 345 2797 Concussae
358 2742 463 2811 cautes,
477 2741 506 2796 et
520 2742 604 2797 acuto
616 2739 648 2796 in
660 2740 766 2798 murice
779 2739 851 2798 remi
870 2726 928 2801 uls.
937 2764 969 2820 a,-
983 2740 1016 2788 a.
1032 2775 1044 2787 .
1070 2754 1107 2791 tr.
1116 2754 1147 2795 ar
1161 2742 1248 2813 ‘stt

195 2818 301 2877 Obnixi
314 2838 453 2895 crepuere,
465 2819 593 2895 illisaque
606 2839 689 2895 prora
701 2819 844 2896 pependit.
941 2806 948 2839 ‘
1053 2806 1064 2837 ''
1164 2816 1172 2823 ”

196 2898 381 2975 Consurgrmt
394 2901 497 2970 nautae,
511 2901 541 2956 et
554 2917 659 2975 magno
673 2898 794 2957 clamore
806 2901 970 2958 morantur:
1054 2944 1062 2963 ,.
1157 2900 1170 2931 ·’
1191 2914 1198 2977 ζ
1216 2942 1243 2971 ,,

27 3018 95 3043 Λ
195 2978 384 3055 Perratasque
397 2978 495 3036 nudes
508 2980 538 3036 et
552 2980 636 3036 acuta
648 2978 762 3054 cuspide
776 2982 875 3038 contos
924 2978 1017 3049 usmis
1051 2994 1067 3052 l
1089 2970 1136 3061 ¹¹³.
1166 2988 1177 3013 ¹
1206 3002 1244 3071 g}

195 3058 370 3134 Expediunt
384 3057 543 3135 fractosque
557 3058 657 3134 legrmt
670 3057 701 3115 in
714 3058 829 3136 gurgite
842 3078 944 3117 remos.

195 3138 238 3195 At
252 3138 334 3195 laetus
348 3136 526 3207 Mnestheus,
540 3157 724 3214 successuque
737 3138 827 3196 acrior
838 3137 910 3215 ipso,
927 3152 934 3185 ¹
950 3151 1007 3189 «ι’-ι
1040 3159 1146 3213 unere
1169 3133 1216 3193 11³¹
1232 3148 1245 3189 1

194 3217 320 3294 Agmine
332 3236 476 3275 remorum
489 3217 579 3288 celeri,
592 3217 740 3294 ventisque
753 3217 870 3290 vocatis,
916 3214 969 3296 J'
1020 3240 1028 3258 ³
1106 3243 1110 3250 ·
1151 3216 1169 3273 .·’“
1201 3238 1241 3269 ·.=

195 3296 291 3354 Prona
303 3296 378 3374 petit
391 3297 487 3368 maria,
501 3299 531 3354 et
544 3297 644 3374 pelago
658 3296 782 3354 decurrit
795 3300 903 3374 aperto.

195 3376 293 3447 Qualis
306 3375 439 3452 spelunca
451 3376 546 3435 subito
560 3379 703 3435 commota
716 3376 855 3450 columba,

195 3454 250 3512 Oui
264 3455 364 3513 domus
378 3457 407 3514 et
421 3455 515 3514 dulces
527 3455 668 3515 latebroso
681 3456 712 3514 in
725 3457 837 3533 pumice
849 3456 918 3529 nidi,

195 3535 301 3593 Fertur
313 3535 344 3592 in
357 3555 424 3593 arva
436 3535 542 3607 volans,
555 3536 741 3614 plausumque
754 3537 890 3595 exterrita
901 3536 1002 3613 pennis

195 3614 256 3672 Dat
269 3616 348 3673 tecto
360 3613 525 3691 ingentem,
546 3636 612 3673 mox
626 3620 690 3674 aere
703 3616 781 3692 lapsa
794 3616 890 3692 quieto

195 3693 286 3753 Radit
298 3693 354 3752 iter
365 3693 514 3771 liquidum,
528 3695 629 3754 celeres
643 3715 734 3774 neque
747 3697 908 3754 commovet
922 3696 979 3756 alas
989 3722 996 3757 z
1007 3728 1019 3747 ι·
1030 3692 1044 3747 .ῖ’
1061 3730 1092 3755 .·.-.
1102 3726 1123 3753 ,r

194 3774 241 3832 Sic
254 3772 433 3845 Mnestheus,
447 3774 486 3832 sic
499 3774 561 3852 ipsa
573 3775 642 3852 fuga
654 3778 731 3835 secat
743 3775 846 3833 ultima
859 3775 962 3834 Pristis

191 3853 329 3933 AEquora,
342 3853 383 3914 sie
395 3853 476 3912 illam
488 3854 544 3912 fert
557 3855 680 3931 impetus
694 3855 753 3931 ipse
766 3855 921 3915 volantem.

180 3935 229 3996 Et
239 3935 372 4018 primum
385 3935 418 3998 in
431 3935 549 4018 scopulo
559 3934 723 3996 luctantem
733 3934 837 3995 deserit
848 3935 906 3994 alto
934 3936 993 4021 (ξι.
1016 3948 1109 4033 [ω
1195 3992 1221 4023 ι,
