2506 4298
150 223 210 282 390
454 240 481 282 r.
495 239 636 282 naemu
656 239 798 282 morus

151 380 193 439 Et
202 379 337 459 juvenem
350 400 466 440 exosum
478 382 669 460 nequidquam
681 381 756 441 bella
768 381 918 442 Menoeten

151 461 278 520 Arcada:
299 461 416 539 piscosae
429 461 476 520 cui
489 463 595 520 circum
606 462 725 520 flumina
737 461 840 521 Lerne

150 541 207 598 Ars
221 541 321 613 fuerat,
334 560 495 618 pauperque
509 543 627 613 domus;
646 561 698 600 nec
712 544 781 601 nota
793 545 946 619 potentum

151 619 282 693 Limina;
302 621 497 697 conductaque
510 624 591 699 pater
603 621 706 680 tellure
719 621 839 680 serebat.

150 700 194 758 Ac
208 701 286 759 velut
299 699 420 759 immissi
432 700 549 760 diversis
562 700 691 778 partibus
703 701 785 778 ignes

151 780 289 838 Arentem
302 779 333 838 in
346 779 447 838 silvam
460 783 490 838 et
503 780 630 858 virgulta
642 781 774 839 sonantia
785 779 883 854 lauro;

149 859 212 918 Aut
225 859 275 918 ubi
288 860 407 918 decursu
419 860 517 936 rapido
530 860 565 919 de
578 859 725 919 montibus
738 860 804 919 altis

150 938 231 997 Dant
245 939 371 997 sonitum
385 940 510 1016 spumosi
524 960 629 1011 amnes,
643 944 674 998 et
686 940 718 998 in
730 960 842 1017 equora
855 943 984 1012 cummt,

150 1018 276 1096 Quisque
289 1038 373 1076 suum
385 1019 537 1096 populatus
551 1019 622 1079 iter:
643 1039 702 1077 non
714 1019 828 1097 segnius
843 1021 926 1079 ambo

150 1098 254 1157 AEneas
268 1099 437 1174 Tmmusque
450 1102 539 1156 ruunt
552 1119 602 1176 per
614 1099 730 1177 proelia3
749 1119 835 1171 nunc,
849 1120 925 1158 nunc

150 1176 289 1236 Fluctuat
302 1178 344 1236 ira
356 1177 452 1249 intus;
472 1181 646 1255 rumpuntur
658 1178 752 1236 nescia
764 1179 841 1238 vinci

149 1256 287 1330 Pectora3
306 1278 382 1316 nunc
395 1258 466 1316 totis
480 1258 511 1315 in
523 1259 640 1317 vulnera
652 1258 759 1317 viribus
771 1258 840 1317 itur.

150 1336 322 1395 Murranum
334 1337 390 1410 hic,
404 1341 502 1397 atavos
516 1342 546 1397 et
560 1358 678 1396 avorum
692 1338 810 1414 antiqua
823 1340 972 1396 sonantem

150 1417 285 1489 Nomina,
299 1437 349 1495 per
360 1437 496 1495 regesque
510 1421 608 1477 actum
621 1437 712 1495 genus
726 1437 810 1476 omne
822 1417 952 1490 Latinos,

151 1496 331 1574 Praecipitem
345 1497 461 1573 scopulo
474 1501 561 1575 atque
573 1497 700 1575 ingentis
712 1499 827 1556 turbine
841 1497 902 1555 saxi

150 1576 281 1649 Excutit,
296 1577 471 1654 effunditque
485 1578 561 1636 solo:
581 1577 659 1635 hunc
671 1577 733 1635 lora
745 1580 775 1635 et
785 1577 857 1656 juga
869 1576 968 1636 subter

150 1654 321 1715 Provolvere
333 1660 419 1715 rota:
440 1657 538 1716 crebro
551 1676 635 1734 super
648 1656 756 1734 ungula
768 1658 853 1734 pulsu

151 1736 255 1808 Incite,
268 1757 320 1795 nec
334 1736 441 1795 domini
454 1751 613 1795 memorum
625 1736 771 1814 proculcat
784 1756 936 1813 equorum3

152 1815 205 1874 Ille
218 1816 313 1874 ruenti
326 1816 427 1894 Hyllo,
441 1816 598 1893 animisque
610 1816 734 1874 immane
747 1815 882 1875 frementi

152 1895 291 1968 Occmrit,
305 1896 451 1974 telumque
465 1899 564 1955 aurata
577 1896 613 1953 ad
626 1898 756 1973 tempora
767 1898 900 1973 torquet:

152 1974 210 2033 Olli
222 1996 273 2052 per
285 1975 395 2053 galeam
408 1976 465 2034 fixo
480 1976 563 2035 stetit
576 1975 660 2033 hasta
673 1974 794 2034 cerebro.

152 2054 279 2114 Dextera
291 2076 343 2114 nec
356 2059 408 2114 tua
420 2059 459 2128 te,
474 2056 593 2114 Graium
607 2054 769 2127 fortissime,
784 2054 918 2125 Cretheu,

152 2134 269 2210 Eripuit
282 2135 397 2206 Tmn03
417 2155 469 2193 nec
482 2135 512 2193 di
525 2138 621 2194 texere
635 2134 801 2210 Cupencum

152 2214 244 2273 AEnea
256 2215 388 2274 veniente
401 2215 460 2287 sui;
480 2215 559 2274 dedit
572 2215 656 2274 obvia
667 2215 741 2273 ferro

153 2295 282 2365 Pectora,
296 2315 348 2352 nec
361 2295 463 2352 misero
477 2295 559 2371 clipei
572 2315 652 2352 mora
664 2294 772 2371 profuit
785 2292 860 2351 aerei.

153 2374 195 2431 Te
208 2393 319 2451 quoque
333 2374 490 2432 Laurentes
504 2374 646 2445 viderunt,
660 2373 751 2444 AEole,
766 2372 858 2449 campi

153 2452 303 2530 Oppetere‚
317 2456 347 2511 et
360 2454 417 2512 late
430 2457 537 2511 terram
551 2456 729 2511 consternere
741 2455 841 2529 tergo;

154 2532 273 2605 Occidis,
288 2533 405 2610 Argivae
419 2552 504 2609 quem
516 2552 574 2590 non
587 2534 704 2609 potuere
717 2532 871 2608 phalanges

153 2613 293 2684 Sternere,
307 2633 358 2671 nec
373 2612 481 2670 Priami
493 2631 647 2689 regnorum
660 2631 771 2670 eversor
785 2612 927 2669 Achilles:

153 2693 212 2750 Hic
226 2693 281 2751 tihi
295 2693 395 2751 mortis
409 2696 490 2750 erant
504 2696 598 2763 metas,
612 2691 712 2749 domus
727 2692 785 2749 alta
798 2692 850 2749 suh
865 2691 935 2762 Ida;

153 2772 289 2851 Lymessi
303 2773 404 2831 domus
418 2773 484 2844 alta,
499 2773 558 2831 solo
572 2771 714 2830 Laurente
728 2772 896 2847 sepulcrum.

154 2853 236 2911 Totae
249 2853 319 2911 adeo
333 2872 476 2911 conversae
490 2852 571 2923 acies,
584 2871 738 2928 omnesque
751 2851 858 2921 Latini,

154 2932 260 2991 Omnes
271 2932 460 2991 Dardanidae:
482 2931 662 3002 Mnestheus,
677 2951 794 3008 acerque
808 2930 945 3000 Serestus,

153 3012 195 3070 Et
209 3012 359 3089 Messapus
373 3032 477 3089 equum
491 3012 623 3082 domitor,
637 3015 667 3069 et
680 3011 762 3069 fortis
775 3010 888 3086 Asylas,

154 3092 367 3170 Tuscorumque
380 3092 512 3168 phalanx,
527 3090 710 3166 Evandrique
723 3091 847 3148 Arcades
861 3090 928 3147 alae:

153 3171 211 3229 Pro
225 3192 254 3230 se
267 3171 386 3249 quisque
399 3170 453 3228 viri
466 3191 578 3228 summa
590 3170 722 3227 nituntur
734 3189 820 3245 opum
834 3169 872 3226 vi.

154 3251 216 3308 Nec
230 3271 317 3322 mora,
331 3271 383 3309 nec
395 3250 521 3327 requies;
541 3253 623 3308 vasto
637 3249 790 3307 certamine
803 3249 937 3306 tendunt.

194 3331 253 3388 Hic
266 3333 393 3389 mentem
407 3330 507 3388 AEneae
522 3329 652 3406 genetrix
665 3329 856 3406 pulcherrima
868 3328 956 3398 misit,
1095 3316 1113 3354 ·’

153 3409 216 3467 Iret
229 3414 264 3468 ut
277 3411 314 3468 ad
326 3430 431 3481 muros,
444 3410 563 3485 urbique
577 3410 737 3467 adverteret
751 3428 855 3486 agmen

155 3489 249 3560 Ocius,
264 3493 293 3547 et
308 3482 404 3548 subita*
415 3489 545 3548 turbaret
559 3489 637 3546 clade
651 3488 778 3547 Latinos.

154 3569 216 3640 Ille,
230 3574 265 3626 ut
277 3569 422 3646 vestigans
435 3569 545 3626 diversa
558 3588 608 3645 per
621 3568 735 3644 agmina
748 3568 878 3625 Turnum

154 3648 223 3706 Huc
237 3652 322 3726 atque
335 3649 392 3707 huc
406 3649 478 3706 acies
492 3649 676 3719 circumtulit,
691 3647 792 3724 aspicit
805 3648 904 3705 urbem

154 3728 319 3786 Immunem
331 3729 408 3786 tanti
420 3728 495 3799 belli,
509 3731 594 3804 atque
607 3727 722 3804 impune
736 3728 871 3804 quietam.

154 3808 298 3868 Oontinuo
312 3828 415 3887 pugnae
429 3808 558 3865 accendit
571 3808 686 3885 majoris
699 3807 810 3884 imago:

145 3891 307 3953 Mnesthea
321 3889 546 3971 Sergestumque
556 3891 643 3946 uocat
652 3887 813 3962 fortemque
827 3886 981 3957 Serestum,

138 3975 303 4056 Ductores,
316 3973 530 4055 tumulumque
543 3969 633 4049 capit,
644 3987 702 4047 quo
714 3965 961 4052 eetera'heuemm
