2506 4298
145 233 205 291 330
450 248 477 290 r.
493 247 632 290 rraemn
645 246 786 289 nnnorrs

184 389 324 448 Massicus
337 392 425 448 aerata
436 390 565 467 princeps
579 391 655 448 secat
670 409 782 466 aequora
794 388 881 466 tigri:

145 468 204 528 Sub
218 490 273 547 quo
286 470 364 528 mille
376 490 477 527 manus
486 470 634 545 juvenum,
648 469 696 545 qui
708 467 814 526 moenia
827 468 914 541 Clusi,

145 548 255 626 Quique
268 550 367 608 urbem
379 549 484 624 liquere
498 548 600 607 Cosas:
621 549 699 624 queis
712 549 778 620 tela,
792 549 907 626 sagittae

144 628 303 706 Gorytique
315 630 390 688 leves
404 628 528 686 humeris
541 630 571 686 et
583 628 677 686 letifer
690 647 779 686 arcus.

144 707 211 765 Una
224 710 322 766 torvus
335 709 428 767 Abas:
449 708 515 765 huic
528 711 625 765 totum
638 707 796 784 insignibus
810 707 895 765 armis

144 787 267 864 Agmen,
281 792 310 846 et
324 792 422 846 aurato
435 788 563 865 fulgebat
575 787 708 864 Apolline
720 787 832 864 puppis.

144 866 297 926 Sexcentos
310 868 352 925 illi
366 867 480 925 dederat
495 867 652 944 Populonia
665 869 757 924 mater

32 964 36 973 “
143 945 285 1023 Expertos
298 947 365 1005 belli
374 947 510 1025 juvenes3
530 948 575 1004 ast
588 946 651 1004 Ilva
663 947 806 1004 trecentos

144 1024 251 1098 Insula,
264 1027 439 1084 inexhaustis
453 1025 613 1104 Chalybum
627 1045 763 1103 generosa
774 1024 906 1083 metallis.

144 1104 267 1177 Tertius,
280 1106 327 1164 ille
340 1107 488 1164 hominum
502 1107 654 1181 divumque
666 1105 805 1181 interpres
818 1105 930 1182 Asylas,

144 1183 198 1242 Cui
212 1186 350 1261 pecudum
364 1186 442 1243 fibrae
456 1185 520 1243 coeli
533 1186 579 1243 cui
592 1185 683 1243 sidera
695 1187 805 1261 parent,

144 1264 186 1322 Et
199 1265 303 1342 liuguae
316 1264 471 1337 volucrum,
485 1268 514 1323 et
527 1264 650 1341 praesagi
662 1264 789 1321 fulminis
802 1264 892 1340 ignes,

144 1343 226 1402 Mille
239 1345 313 1421 rapit
327 1346 427 1403 densos
441 1345 499 1403 acie
512 1349 597 1421 atque
611 1344 792 1402 horrentibus
804 1342 904 1400 hastis.

144 1423 209 1481 Hos
221 1444 317 1501 parere
326 1424 430 1503 jubent
444 1425 561 1501 Alpheae
575 1424 610 1482 ab
624 1423 732 1500 origine
746 1423 829 1493 Pisae,

143 1502 221 1561 Urbs
234 1504 358 1562 Etrusca
371 1505 438 1562 solo.
479 1504 613 1580 Sequitur
625 1503 831 1579 pulcherrimus
844 1501 942 1573 Astur,
993 1502 1013 1527 ⁸

88 1595 112 1646 t*
143 1583 235 1641 Astur
248 1603 319 1660 equo
333 1584 422 1642 fidens
436 1587 465 1642 et
478 1583 692 1641 versicoloribus
706 1581 800 1640 armis.

144 1662 316 1721 Tercentum
329 1664 474 1740 adjiciunt,
487 1683 567 1721 mens
580 1663 711 1721 omnibus
724 1681 782 1719 una
795 1660 937 1737 sequendi,

144 1742 201 1814 Qui
214 1742 322 1801 Caerete
335 1744 428 1815 domo,
442 1743 490 1818 qui
503 1745 571 1800 sunt
584 1741 722 1799 Minionis
735 1741 766 1798 in
780 1740 862 1813 arvis,

40 1855 43 1859 ·
144 1821 187 1880 Et
200 1823 291 1900 Pyrgi
302 1826 420 1893 veteres,
433 1823 665 1908 intempestaeque
679 1820 829 1878 Graviscae.
847 1839 909 1872 um
922 1796 961 1866 ss-
972 1845 988 1871 r
1037 1846 1070 1863 »ι
1079 1842 1097 1871 o

184 1902 253 1960 Non
266 1922 318 1980 ego
331 1906 370 1973 te,
384 1902 525 1980 Ligmum
538 1902 639 1959 ductor
651 1900 804 1958 fortissime
816 1893 899 1970 bello,

145 1981 325 2053 lhansierim,
339 1981 453 2059 Cinyra,
467 1985 496 2040 et
509 1981 606 2058 paucis
619 1980 753 2038 comitate
767 1979 892 2056 Cupavo,

145 2060 233 2137 Cujus
247 2061 359 2120 olorinae
374 2065 495 2139 surgunt
510 2062 544 2118 de
556 2060 662 2118 vertice
675 2078 794 2136 pennae:

47 2201 48 2204 ,
145 2139 260 2198 Crimen
273 2161 352 2199 amor
364 2146 501 2211 vestrum,
515 2141 667 2215 formaeque
680 2139 792 2215 insigne
805 2141 937 2214 paternae.

144 2219 277 2296 Namque
290 2221 394 2291 ferunt,
408 2222 489 2278 luctu
503 2220 634 2298 Cycnum
647 2218 839 2276 Phaethontis
852 2218 948 2288 amati,

145 2298 284 2376 Populeas
297 2299 373 2357 inter
385 2301 497 2357 frondes
510 2300 696 2374 umbramque
709 2317 837 2355 sororum

145 2378 226 2436 Dum
239 2379 324 2450 canit,
338 2383 367 2437 et
381 2383 513 2436 maestum
527 2379 613 2435 Musa
627 2378 734 2435 solatur
747 2397 880 2448 amorem,

146 2457 302 2516 Canentem
316 2459 396 2516 molli
408 2459 504 2535 pluma
518 2458 629 2515 duxisse
643 2461 793 2527 senectam,

146 2537 337 2612 Linquentem
350 2542 449 2609 161166,
462 2540 492 2596 61
506 2537 597 2594 sidera
609 2557 677 2595 voce
691 2539 864 2612 sequentem.

146 2617 246 2688 Filius,
260 2617 380 2693 aequales
394 2618 547 2676 comitatus
561 2617 648 2674 classe
661 2620 796 2686 catervas,

147 2695 301 2774 lugentem
314 2698 397 2756 remis
412 2698 587 2755 Centaurum
600 2700 748 2773 promovet
760 2720 767 2766 3
787 2694 835 2752 ille

147 2776 245 2835 Instat
258 2798 348 2853 aquae,
362 2798 515 2854 saxumque
529 2777 612 2834 undis
625 2776 749 2833 immane
762 2775 888 2832 minatur

147 2857 270 2927 Arduus,
285 2859 314 2914 et
326 2857 413 2935 longa
426 2858 516 2914 sulcat
530 2857 619 2914 maria
632 2856 691 2914 alta
705 2855 806 2913 carina.

187 2936 240 2995 Ille
254 2937 340 2995 etiam
353 2937 452 3014 patriis
466 2957 568 3073 agmen
582 2936 637 2993 ciet
651 2935 746 2992 Ocnus
760 2935 795 2992 ab
809 2933 873 3005 oris,

148 3016 286 3074 Fatidicae
300 3017 419 3074 Mantus
433 3020 463 3074 et
504 3015 563 3073 usoi
575 3015 649 3072 fflius
664 3014 763 3085 amnis,

148 3095 205 3166 Qui
217 3117 312 3154 muros
325 3096 479 3172 matrisque
493 3095 571 3153 dedit
584 3095 648 3165 tibi,
662 3095 789 3163 Mantua,
803 3111 955 3162 nomen,—

148 3174 280 3246 Mantua,
294 3176 371 3233 dives
385 3176 459 3233 avis:
481 3175 529 3232 sed
542 3195 600 3232 non
613 3194 702 3251 genus
716 3172 848 3230 omnibus
862 3191 960 3228 unum.

149 3253 226 3312 Gens
239 3255 280 3312 illi
293 3255 405 3332 triplex,
418 3254 515 3332 populi
528 3254 581 3312 sub
595 3257 680 3330 gente
694 3251 840 3328 quaterni:

149 3332 217 3409 Ipsa
230 3338 314 3411 caput
328 3334 453 3411 populis:
475 3335 568 3392 Tusco
582 3333 616 3391 de
630 3332 766 3409 sanguine
779 3331 861 3388 vires.

149 3411 229 3470 Hinc
243 3434 352 3489 quoque
366 3415 536 3492 quingentos
550 3413 580 3470 in
594 3433 623 3471 se
637 3411 798 3470 Mezentius
813 3413 912 3480 armat,

150 3490 227 3562 Quos
240 3497 320 3568 patre
334 3495 446 3551 Benaco
459 3493 571 3552 velatus
584 3491 721 3550 arundine
734 3490 835 3568 glauca

150 3569 276 3628 Mincius
289 3568 393 3630 infesti
406 3573 526 3631 ducebat
539 3573 570 3629 in
585 3591 698 3647 aequora
710 3571 789 3647 pinu.
979 3620 1010 3651 „.
1120 3612 1122 3617 -

190 3648 221 3707 It
235 3651 328 3726 gravis
342 3652 483 3724 Aulestes
497 3639 669 3727 centenaique
683 3652 780 3708 arbore
792 3649 897 3707 fluctus
914 3643 952 3698 lr
971 3652 1007 3693 '³'-
1043 3652 1062 3685 ¹'¹·
1099 3652 1145 3683 Μ
1157 3658 1174 3679 ’·

149 3727 288 3788 Verberat
301 3750 468 3808 assurgens:
490 3735 624 3808 spumant
637 3731 707 3788 vada
723 3748 861 3788 marmore
874 3747 963 3785 verso.
1104 3728 1182 3770 ³1¹²*

150 3808 239 3867 Hunc
251 3810 331 3868 vehit
344 3811 475 3869 immanis
489 3811 592 3868 Triton
605 3813 635 3868 et
648 3809 753 3868 caerula
766 3808 874 3867 concha

149 3888 304 3948 Exterrens
317 3891 408 3948 freta:
429 3890 475 3948 cui
487 3890 609 3948 laterum
622 3892 706 3948 tenus
719 3888 832 3965 hispida
843 3886 927 3945 nanti

27 4012 31 4039 -,
151 3967 242 4028 Frons
254 3969 400 4028 hominem
412 3971 535 4049 prefert,
548 3969 579 4027 in
591 3969 696 4047 pristin
709 3968 813 4027 desinit
827 3967 925 4040 alvus3
947 3956 1055 4038 61111
1063 3989 1122 4071 ‘22²
1152 3992 1182 4023 a.

939 4084 958 4155 li.
975 4130 996 4159 ¹.·„
1007 4129 1094 4161 1¹:244-
1128 4078 1182 4193 {ft
