2506 4298
478 228 620 271 arvernos
634 229 696 270 um.
710 231 740 272 x.
1024 214 1084 275 347

137 370 224 428 Stant
236 369 304 428 lecti
317 369 423 429 circum
431 371 569 448 juvenes:
589 371 649 448 ipse
662 390 746 448 ager,
760 372 902 447 anhelans,
957 364 1034 449 10ss
1046 390 1062 445 ,Τ
1076 364 1142 451 111,

137 450 219 508 Colla
231 450 318 521 fovet,
328 450 407 508 fusus
420 470 573 527 propexam
585 451 616 508 in
629 455 742 529 pectore
755 452 889 525 barbam;
993 494 1001 531 ,
1054 448 1062 504 ὲ
1136 421 1159 503 f

136 529 235 587 Multa
248 549 331 606 super
344 529 439 588 Lauso
452 531 569 608 rogitat,
583 531 762 608 multumque
775 532 909 606 remittit,
983 566 999 599 ι,
1009 550 1078 595 aas
1090 544 1135 591 01
1148 589 1154 597 .

137 609 194 681 Qui
206 611 347 680 revocent,
361 609 509 685 maestique
522 610 615 668 ferant
628 611 762 668 mandata
773 613 908 688 parentis.
932 624 938 633 “
997 606 1010 631 ¹*

135 689 179 746 At
193 688 321 747 Lausum
334 689 402 747 socii
416 689 573 747 exanimem
586 710 669 767 super
683 710 762 748 arma
774 692 902 750 ferebant

136 769 262 840 Flentes,
275 768 431 845 ingentem,
445 772 530 845 atque
542 770 655 846 ingenti
667 771 783 828 vulnere
795 771 914 830 victum.

136 849 266 926 Agnovit
279 849 364 925 longe
377 849 519 925 gemitum
531 868 658 926 praesaga
671 850 741 907 mali
754 870 844 909 mens.

137 927 280 986 Canitiem
293 928 386 986 multo
399 928 538 987 deformat
552 927 675 1004 pulvere,
689 934 719 987 01
733 931 830 988 ambas

136 1008 185 1065 Ad
198 1008 301 1066 coelum
313 1008 409 1067 tendit
421 1008 537 1085 palmas,
551 1011 581 1066 et
594 1028 709 1085 corpore
721 1009 851 1069 inhaeret.

138 1087 293 1146 “Tantane
306 1108 352 1146 me
365 1088 460 1146 tenuit
473 1087 595 1158 vivendi,
609 1091 684 1160 nate,
698 1088 838 1165 voluptas,
886 1092 888 1096 ’

79 1151 111 1245 (A
137 1165 193 1255 up
199 1187 251 1245 pro
264 1187 309 1226 me
322 1168 421 1225 hostili
433 1170 544 1244 paterer
557 1168 703 1225 succedere
717 1168 833 1240 dextrae,

138 1247 230 1318 Quem
243 1246 353 1324 genui?
373 1247 472 1305 Tuane
485 1246 546 1305 haec
560 1247 673 1324 genitor
685 1267 735 1323 per
747 1249 865 1306 vulnera
877 1269 980 1323 servor,

138 1327 236 1384 Morte
249 1331 301 1385 tua
313 1326 435 1386 vivens?
456 1326 533 1397 Heu,
547 1346 623 1384 nunc
636 1326 738 1385 misero
751 1327 823 1385 mihi
837 1328 951 1387 demum

138 1406 280 1464 Exsilium
292 1407 405 1464 infelix!
426 1426 502 1464 0000
517 1406 573 1464 0110
586 1407 689 1464 vulnus
703 1407 851 1464 adactum!

138 1484 222 1544 Idem
235 1506 296 1563 ego,
310 1490 386 1556 nate,
399 1489 484 1543 tuum
496 1486 636 1544 maculavi
649 1485 766 1543 crimine
778 1506 892 1559 nomen,

138 1564 242 1623 Pulsus
256 1566 293 1624 ob
305 1566 443 1623 invidiam
456 1566 526 1624 solio
539 1565 712 1643 sceptrisque
724 1567 859 1642 paternis.

138 1644 301 1703 Debueram
315 1645 416 1723 patriae
427 1666 525 1722 poenas
539 1646 665 1721 odiisque
677 1665 823 1703 meorum:

139 1725 246 1782 Omnes
259 1745 309 1802 per
322 1729 428 1783 mortes
442 1725 567 1784 ammam
580 1729 692 1784 sontem
705 1725 764 1802 ipse
778 1724 934 1784 dedissem!

138 1804 227 1862 Nunc
239 1805 321 1864 vivo!
341 1825 432 1880 neque
445 1806 537 1863 adhuc
551 1805 680 1864 homines
692 1804 840 1881 lucemque
852 1805 996 1882 relinquo!

140 1883 196 1942 sed
208 1884 365 1961 linquam.''
407 1885 499 1942 Simul
511 1887 565 1944 hoc
580 1885 674 1943 dicens
688 1885 796 1943 attollit
809 1885 839 1943 in
853 1904 963 1962 aegrum

139 1963 176 2022 Se
189 1964 281 2022 femur
292 1988 299 2036 ;
319 1968 357 2034 et,
372 1984 543 2040 quamquam
555 1965 599 2022 vis
612 1965 671 2023 alto
683 1964 800 2022 vulnere
812 1965 917 2035 tardat,

140 2043 230 2101 Haud
243 2044 367 2122 dejectus
381 2063 485 2118 equum
500 2043 565 2101 duci
573 2044 666 2121 jubet.
707 2043 773 2102 Hoc
787 2043 871 2103 decus
883 2044 934 2118 illi,

78 2184 81 2195 ¹
140 2124 208 2181 Hoc
222 2123 347 2182 solamen
360 2126 438 2194 erat;
458 2123 539 2182 bellis
552 2123 607 2181 hoc
620 2125 713 2181 victor
726 2124 822 2181 abibat

141 2203 290 2262 Omnibus.
329 2203 495 2280 Alloquitur
508 2205 682 2273 maerentem,
696 2205 726 2260 et
739 2203 844 2260 talibus
856 2203 939 2263 infit:

141 2286 158 2313 “
166 2282 287 2356 Rhoebe,
302 2283 434 2341 diu—res
448 2282 472 2340 si
486 2302 541 2358 qua
555 2282 604 2339 diu
616 2282 784 2340 mortalibus
797 2283 954 2340 0110001-

91 2380 98 2429 ¹,
141 2361 280 2421 Viximus.
321 2363 383 2420 Aut
396 2363 481 2420 hodie
493 2363 586 2420 victor
600 2362 689 2439 spolia
701 2362 751 2419 1110
763 2365 881 2420 cruenta

140 2441 183 2499 Et
197 2445 282 2520 caput
296 2442 395 2499 AEneae
408 2442 518 2512 referes,
533 2441 675 2519 Lausique
689 2442 818 2500 dolorum

140 2521 229 2580 Ultor
242 2522 296 2580 eris
309 2541 437 2579 mecum:
459 2525 518 2592 001,
532 2522 623 2599 aperit
637 2522 661 2579 si
674 2521 753 2579 nulla
765 2521 843 2578 viam
855 2520 908 2591 vis,

110 2592 114 2621 ⁵
141 2600 300 2660 Occumbes
312 2601 427 2678 pariter.
469 2601 571 2676 Neque
584 2602 668 2671 enim,
682 2601 844 2671 fortissime,
857 2601 948 2670 credo,

141 2680 164 2738 J
164 2700 231 2739 ussa
243 2681 334 2740 aliena
346 2681 408 2758 pati
421 2684 451 2738 et
464 2681 593 2738 dominos
608 2681 760 2757 dignabere
774 2679 927 2737 Teucros.'’

141 2760 234 2832 Dixit,
248 2762 278 2818 et
292 2763 425 2837 exceptus
438 2764 520 2836 tergo
534 2762 670 2817 00000010
681 2759 786 2817 locavit

141 2841 283 2911 Membra,
295 2859 452 2915 manusque
466 2839 562 2896 ambas
571 2838 673 2915 jaculis
687 2837 815 2895 oneravit
828 2836 928 2921 aqutiS,

141 2920 211 2979 AEre
225 2921 311 2996 caput
323 2919 446 2996 fulgens,
460 2909 600 2993 cristtque
613 2917 741 2975 hirsutus
755 2904 866 2992 equin'a.

142 3000 189 3058 Sic
202 3019 316 3058 cursum
329 2999 360 3056 in
373 2998 480 3056 medios
493 2997 608 3074 rapidus
621 2996 709 3055 dedit.
749 2996 867 3054 AEstuat
880 2995 981 3072 ingens

141 3079 209 3138 Uno
222 3079 253 3136 in
267 3078 349 3137 corde
362 3079 462 3155 pudor,
475 3077 621 3152 mixtoque
633 3075 743 3134 insania
756 3076 845 3147 luctu,

144 3158 201 3236 [Et
215 3159 310 3216 Furiis
324 3158 450 3235 agitatus
464 3177 551 3226 amor,
565 3160 595 3215 et
609 3156 720 3215 conscia
731 3157 824 3214 virtus
834 3154 855 3232 3]

142 3239 239 3315 Atque
252 3238 299 3296 hic
313 3238 424 3295 AEnean
437 3257 541 3315 magna
553 3240 599 3294 ter
611 3257 680 3295 voce
691 3235 813 3294 vocavit.

142 3317 406 3395 AEneas—agnovit
420 3316 674 3392 enim—laetusque
687 3317 837 3392 precatur:

143 3399 215 3458 “Sic
228 3401 310 3476 pater
322 3397 369 3455 ille
383 3398 468 3455 deum
480 3397 574 3467 saciat,
588 3396 628 3454 sic
641 3397 716 3455 altus
729 3394 850 3472 Apollo!

143 3478 267 3555 Incipias
281 3477 406 3537 conferre
419 3476 566 3534 manum.”
848 3509 849 3512 =

143 3559 271 3616 'lantum
284 3559 395 3628 effatus,
408 3562 438 3614 et
451 3557 555 3614 infesta
568 3554 646 3613 subit
658 3554 758 3613 obvius
770 3554 863 3612 hasta.

143 3637 197 3696 Ille
211 3642 324 3698 autem:
346 3641 362 3667 “
374 3636 450 3708 Quid
462 3656 508 3694 me
521 3637 627 3715 erepto,
641 3634 801 3704 saevissime,
815 3637 883 3691 nato

144 3716 268 3776 Terres?
288 3717 349 3775 haec
362 3716 409 3773 via
422 3715 482 3773 sola
494 3715 559 3785 fuit,
573 3734 629 3790 qua
640 3715 756 3790 perdere
769 3733 873 3790 posses.

144 3796 207 3856 Nec
219 3799 343 3856 mortem
355 3795 511 3866 horremus,
524 3814 576 3851 nec
590 3794 688 3851 divum
701 3793 842 3870 parcimus
855 3791 915 3849 ulli.

144 3875 268 3935 Desine:
285 3876 347 3954 jam
359 3875 442 3933 venio
455 3873 619 3944 moriturus,
633 3875 663 3932 et
675 3873 737 3931 haec
750 3873 805 3931 tibi
817 3876 900 3949 porto

144 3955 229 4016 Dona
239 3954 351 4033 prius.''
391 3953 485 4028 Dixit,
498 3953 645 4033 telumque
656 3952 779 4014 intorsit
787 3951 976 4019 101100101οχ

1163 372 1244 455 „las
