2506 4298
475 234 655 279 eucnemon
667 234 730 278 m.
744 234 780 277 11.

152 374 256 434 Ausim
268 375 315 436 vel
326 375 408 436 tenui
419 376 509 436 vitem
522 377 700 436 committere
712 375 808 449 suloo;

151 456 250 514 Altior
262 475 295 515 ac
307 457 420 534 penitus
433 460 518 516 terrae
531 457 666 536 defigitur
678 457 776 515 arbos:

151 535 309 594 AElsculus
300 556 331 593 111
343 535 450 614 primis,
464 557 534 614 qua,
548 540 688 629 quantum
700 536 806 595 vertice
819 535 855 595 ad
868 555 948 596 auras

150 615 307 688 AEtherias,
320 618 435 675 tantum
447 616 561 676 radice
553 636 584 673 ιιι
597 617 717 674 Tartara
728 616 831 674 tendit

150 695 234 772 Ergo
247 715 305 754 non
317 694 425 755 hiemes
436 695 524 766 illam,
537 716 595 754 non
608 696 703 766 flabra,
716 715 806 772 neque
819 695 923 756 imbres

150 773 342 846 Convellunt;
360 774 482 834 immota
493 778 598 846 manet,
608 775 769 852 multosque
781 780 898 852 nepotes

150 853 252 911 Multa
263 853 357 911 virum
369 855 485 914 volvens
500 855 626 914 durando
640 855 740 913 saecula
752 854 850 914 vincit.

150 933 230 991 'I'um
242 933 333 1005 fortis,
345 933 404 993 late
412 955 506 993 ramos
518 938 548 993 et
561 934 676 993 brachia
688 933 807 992 tendens

151 1013 223 1071 Huc
235 1012 311 1084 illuc,
324 979 437 1072 inedia
429 1033 491 1091 lpsa
502 1013 649 1091 ingentem
662 1013 785 1072 sustinet
797 1013 935 1072 umbram.

193 1092 276 1151 Neve
287 1059 343 1151 tibi
355 1093 392 1151 ad
404 1094 491 1152 solem
501 1096 621 1172 vergant
631 1092 727 1151 vineta
734 1093 898 1166 cadentem3

151 1171 236 1231 Neve
249 1173 326 1231 inter
337 1173 412 1231 vites
425 1173 553 1232 corulum
569 1193 645 1243 sere3
664 1192 734 1231 neve
746 1172 859 1250 flagella

151 1252 272 1310 Summa
283 1255 349 1329 pete
363 1255 413 1310 aut
426 1272 538 1310 summa
549 1252 693 1330 desti-inge
706 1272 740 1310 ex
753 1252 851 1311 arbore
863 1252 991 1330 plantam

150 1331 266 1390 Tantus
278 1351 358 1390 amor
369 1339 468 1404 terrae3
487 1352 544 1390 neu
556 1331 629 1390 ferro
641 1331 710 1390 laede
723 1334 819 1390 retuso

151 1411 284 1484 Semina3
303 1430 374 1470 neve
386 1411 453 1470 olea
466 1411 602 1470 silvestris
616 1411 705 1470 insere
718 1415 843 1469 truncos.

150 1491 232 1549 Nam
245 1509 320 1568 saepe
332 1491 454 1550 incautis
466 1490 626 1569 pastoribus
639 1490 743 1548 excidit
756 1490 839 1569 ignis,

152 1571 218 1642 Qui
231 1570 333 1629 furtim
346 1570 447 1648 pingui
458 1570 583 1648 primum
595 1571 648 1629 sub
661 1571 765 1629 cortice
776 1572 880 1640 tectus,

151 1649 270 1709 Robora
282 1650 466 1727 comprendit,
479 1651 646 1727 frondesque
659 1650 769 1727 elapsus
782 1649 897 1708 inultas

151 1729 308 1808 Ingentem
321 1729 391 1788 coelo
404 1730 529 1788 sonitum
542 1729 637 1801 dedit3
655 1729 721 1788 inde
734 1733 846 1788 secutus

152 1809 209 1869 Per
222 1829 317 1868 ramos
329 1808 422 1868 victor
433 1829 538 1887 perque
551 1810 610 1867 alta
622 1809 767 1868 cacumina
778 1811 888 1887 regnat,

152 1889 194 1947 Et
207 1891 307 1948 totum
318 1889 440 1947 involvit
452 1888 573 1947 flammis
586 1909 694 1961 nemus,
708 1893 738 1947 et
751 1888 811 1948 ruit
823 1894 917 1947 atram

152 1968 200 2026 Ad
213 1967 357 2027 coelum
330 1988 408 2045 picea
420 1989 529 2027 crassus
542 1967 661 2060 caligine
674 1934 797 2027 nubem:

152 2047 352 2106 Praesertim
330 2067 354 2105 31
366 2051 521 2125 tempestas
534 2048 670 2107 avertice
683 2047 761 2106 silvis

152 2127 299 2200 Incubuit,
312 2126 507 2205 glomeratque
519 2128 610 2186 ferens
622 2128 752 2186 incendia
763 2130 876 2185 ventus.

152 2207 219 2266 Hoc
232 2207 291 2280 ubi,
304 2227 363 2266 non
376 2227 394 2265 a
406 2207 494 2285 stirpe
506 2208 610 2279 velent,
624 2227 761 2284 caesaeque
774 2208 879 2266 reverti

153 2286 290 2358 Possunt,
303 2289 389 2364 atque
401 2285 460 2345 ima
472 2286 576 2346 similes
589 2286 753 2346 revirescere
766 2290 859 2345 terra:

153 2365 258 2424 Infelix
271 2369 386 2444 superat
399 2366 474 2425 foliis
487 2366 606 2425 oleaster
619 2367 729 2424 ameris.

191 2447 255 2505 Nec
267 2446 324 2504 tibi
336 2449 398 2503 tam
410 2445 533 2524 prudens
546 2446 694 2524 quisquam
709 2445 875 2523 persuadeat
888 2451 995 2520 auctor,

153 2525 295 2584 Tellurem
308 2526 393 2584 borea
405 2525 526 2603 rigidam
539 2526 664 2603 spirante
676 2525 792 2584 moveri.

153 2604 234 2664 Rura
245 2606 314 2684 gelu
325 2608 389 2663 tum
403 2605 509 2664 claudit
522 2605 630 2676 hiems;
649 2625 701 2664 nec
714 2606 820 2669 semim
828 2604 908 2682 jacto

154 2684 324 2744 Concretam
337 2684 447 2761 patitur
459 2684 581 2744 radicem
595 2685 706 2763 affigere
721 2687 812 2742 terra.

153 2764 271 2841 Optima
283 2764 387 2822 vinetis
400 2764 482 2835 satio,
495 2784 584 2841 quum
596 2784 661 2824 vere
673 2764 788 2823 rubenti

153 2843 281 2902 Candida
293 2843 373 2902 venit
386 2843 446 2902 avis
448 2843 560 2920 ,longis
572 2843 664 2903 invisa
676 2844 813 2914 colubris3

154 2923 251 2982 Prima
263 2922 310 2982 vel
323 2922 469 2981 auctumni
483 2924 536 2982 sub
549 2923 663 3001 frigora,
677 2944 765 3016 quum
777 2922 891 3000 rapidus
905 2923 953 2982 Sol

153 3002 292 3061 Nondum
304 3002 417 3061 hiemen
431 3002 574 3081 contingit
587 3003 674 3082 equis,
684 3003 745 3081 jam
758 3003 884 3080 praterit
898 3008 991 3063 astas.

152 3081 211 3140 Ver
223 3083 293 3141 adeo
305 3082 399 3142 frondi
411 3101 567 3154 nemorum,
580 3103 629 3142 ver
641 3082 713 3142 utile
726 3082 820 3154 silvis3

152 3161 226 3221 Vere
238 3165 354 3221 tument
366 3166 451 3221 terra
465 3166 495 3220 et
507 3129 644 3240 genitalia
655 3162 763 3221 semina
774 3163 916 3240 poscunt.

153 3241 229 3299 Tum
241 3244 323 3319 pater
333 3241 512 3318 omnipotens
525 3242 651 3310 fecundis
664 3242 801 3300 imbribus
814 3241 918 3300 AEther

153 3321 312 3400 conjugis
303 3341 334 3379 m
347 3320 487 3399 gremium
504 3322 578 3381 lata
592 3322 745 3393 descendit,
759 3324 789 3380 et
802 3340 899 3380 omnes

152 3401 276 3479 Magnus
290 3399 341 3459 ulit
343 3420 468 3478 ,magno
482 3401 652 3460 commixtus
666 3421 788 3479 corpore,
801 3400 885 3459 fetus.

152 3480 228 3540 Avia
239 3484 305 3539 tum
317 3483 451 3539 resonant
464 3481 562 3541 avibus
575 3481 701 3559 virgulta
714 3481 831 3552 canoris,

152 3560 195 3618 Et
207 3561 348 3619 Venerem
361 3560 445 3619 certis
457 3564 592 3638 repetunt
605 3564 733 3619 armenta
745 3527 860 3619 diebiis:

152 3638 284 3699 Partuxit
297 3639 387 3698 almus
400 3660 476 3717 ager,
490 3640 660 3718 zephyrique
672 3640 835 3718 tepentibus
849 3639 923 3699 auris

152 3719 266 3778 Laxant
280 3739 348 3778 arva
360 3718 454 3792 sinns3
474 3723 589 3796 superat
602 3723 684 3779 tener
696 3719 827 3778 omnibus
839 3719 958 3778 humor·

153 3799 245 3877 Inque
258 3818 349 3858 novos
362 3798 434 3858 soles
447 3799 553 3858 audent
567 3819 597 3858 se
609 3799 738 3877 germina
749 3803 816 3858 tuto

153 3877 283 3950 Credere,
295 3899 349 3938 nec
360 3877 466 3937 metuit
479 3882 627 3969 surgentes
641 3879 791 3957 pampinus
805 3879 923 3950 austros,

154 3959 216 4018 Aut
228 3925 327 4018 actbm
339 3957 411 4018 coelo
423 3956 535 4037 magnis
547 3957 725 4038 aquilonibus
738 3956 877 4019 imbrem.
