2506 4298
460 208 602 252 nmmos
616 209 679 250 ΠΒ.
693 207 737 249 IX.

124 351 203 424 En,”
218 351 268 410 ait.
309 352 352 410 Et
361 352 490 430 jaculum
503 354 669 429 attorquens
683 351 792 410 emittit
805 351 836 408 in
850 370 940 422 auras,

125 431 303 510 Principium
316 452 428 509 pugnae,
442 436 472 490 et
486 452 585 508 campo
598 452 657 490 sese
671 432 774 490 arduus
787 431 883 489 infert.

125 511 256 570 Clamore
270 512 415 588 excipiunt
429 510 506 583 socii,
519 511 690 588 fremituque
704 514 862 586 sequuntur

124 591 303 663 Horrison03
324 591 467 650 Teucrum
480 591 621 649 mirantur
633 591 737 649 inertia
750 591 852 648 corda:

124 671 195 730 Non
209 691 289 748 aequo
303 672 369 730 dare
383 692 413 729 se
427 691 534 748 campo,
549 692 607 729 non
621 672 704 729 obvia
716 671 788 729 ferre

124 751 217 808 Arma
229 750 313 822 viros,
327 751 378 809 sed
391 754 484 808 castra
496 751 599 809 fovere.
640 751 709 809 Huc
723 750 855 809 turbidus
869 751 953 826 atque
966 748 1023 806 huc

125 830 247 888 Lustrat
261 851 333 907 equo
346 851 451 902 muros,
465 831 630 906 aditumque
643 851 693 906 per
707 831 770 888 avia
783 829 896 907 quaerit.

125 911 171 968 Ao
184 910 275 968 veluti
288 910 371 987 pleno
383 910 468 987 lupus
480 910 631 967 insidiatus
645 909 713 967 ovili

125 989 222 1060 Quum
235 989 332 1048 fremit
346 989 382 1047 ad
395 990 497 1069 caulas,
510 993 612 1047 ventos
625 1009 772 1066 perpessus
786 991 816 1047 et
829 988 942 1059 imbres,
959 968 1057 1048 adit,
1090 975 1190 1071 essars
1210 976 1244 1054 fi

124 1069 222 1128 Nocte
236 1089 320 1146 super
332 1066 441 1140 media;
462 1069 522 1127 tuti
535 1070 587 1127 sub
601 1070 741 1128 matribus
755 1068 822 1145 agni

126 1149 264 1206 Balatum
278 1152 425 1207 exercent:
446 1149 493 1206 ille
507 1169 587 1226 asper
600 1153 630 1207 et
643 1149 798 1229 improbus,
811 1149 854 1206 ira
879 1141 1038 1251 havitdfa

128 1228 216 1286 Saevit
228 1229 260 1286 in
273 1229 420 1300 absentes3
441 1229 558 1287 collecta
570 1226 674 1306 fatigat
688 1222 790 1286 edendi

127 1307 175 1364 Ex
187 1308 274 1385 longo
287 1308 387 1379 rabies,
401 1311 430 1366 et
444 1308 523 1367 siccae
537 1309 674 1385 sanguine
687 1308 790 1365 fauces.

127 1387 218 1445 Haud
231 1388 315 1446 aliter
328 1387 448 1458 Rutulo,
462 1408 558 1446 muros
572 1392 602 1446 et
617 1391 710 1446 castra
722 1386 826 1459 tuenti,

126 1467 286 1544 Ignescunt
299 1468 364 1538 irae;
385 1468 463 1525 duris
476 1467 557 1525 dolor
570 1467 679 1525 ossibus
693 1467 791 1538 ardet3

127 1537 194 1618 Qud
204 1550 299 1605 tentet
312 1547 423 1605 ratione
437 1547 540 1618 aditus,
554 1551 583 1605 et
598 1568 660 1624 quae
672 1547 719 1604 via
732 1547 840 1605 clausos

126 1626 267 1685 Excutiat
281 1627 404 1685 Teucros
418 1626 501 1697 vallo,
515 1630 601 1704 atque
615 1627 742 1685 effundat
755 1626 786 1683 in
799 1645 903 1702 aequor.

126 1705 261 1778 Classem,
275 1727 338 1783 quae
350 1706 433 1764 lateri
448 1709 606 1764 castrorum
619 1707 753 1784 adjuncta
764 1705 882 1778 latebat,

125 1786 288 1863 Aggeribus
302 1789 414 1865 septam
426 1786 533 1844 circum
546 1789 576 1844 et
589 1785 749 1843 fluvialibus
762 1785 856 1858 undis,
874 1776 925 1841 ssa«
935 1816 965 1847 .·...·
974 1795 988 1838 ’ὲ
1018 1790 1047 1829 r.
1058 1794 1126 1834 W

126 1865 261 1937 Invadit,
282 1866 427 1940 sociosque
440 1865 569 1924 incendia
581 1865 673 1942 poscit
687 1868 821 1936 ovantes3
868 1870 870 1876 '

125 1946 223 2022 Atque
236 1965 354 2003 manum
367 1945 438 2022 pinu
450 1945 584 2022 flagranti
596 1945 720 2003 fervidus
733 1945 842 2020 implet.

127 2024 203 2082 Tum
214 2044 282 2082 vero
295 2025 483 2096 incumbunt;
502 2028 587 2102 urget
601 2024 754 2102 praesentia
766 2023 875 2095 Turni3

126 2105 224 2181 Atque
237 2104 330 2162 omnis
343 2105 451 2162 facibus
465 2104 553 2180 pubes
567 2103 726 2181 accingitur
739 2104 817 2162 atris

126 2183 277 2261 Diripuere
291 2184 385 2256 focos3
404 2185 517 2261 piceum
531 2184 586 2242 fert
600 2184 708 2241 fumida
720 2183 816 2242 lumen

126 2263 220 2334 Taeda,
235 2266 265 2322 et
278 2264 463 2322 commixtam
476 2264 621 2322 Vulcanus
635 2263 671 2321 ad
684 2266 761 2321 astra
773 2263 908 2323 favillam.

166 2343 237 2415 Quis
250 2344 328 2414 deus,
342 2363 360 2401 o
373 2343 476 2415 Musae,
489 2347 551 2401 tam
565 2364 640 2401 saeva
652 2343 782 2402 incendia
795 2344 910 2404 Teucris

126 2422 267 2482 Avertit?
287 2426 386 2482 tantos
399 2424 509 2481 ratibus
523 2424 586 2500 quis
600 2424 709 2500 depulit
721 2422 826 2501 ignes?

60 2571 65 2577 ‚
126 2502 232 2561 Dicite.
273 2503 372 2561 Prisca
383 2503 454 2561 fides
467 2503 552 2574 lactc,
566 2503 616 2561 sed
628 2504 704 2561 fama
716 2503 856 2579 perennis.

42 2576 58 2593 ²
126 2581 266 2660 Tempore
280 2602 336 2660 quo
349 2583 472 2660 primum
487 2572 625 2660 Phrygia?
629 2584 770 2641 formabat
783 2583 814 2640 in
828 2583 882 2641 Ida

126 2661 232 2721 AEneas
245 2662 371 2734 classem,
385 2666 416 2721 et
428 2662 522 2739 pelagi
535 2667 630 2739 petere
644 2663 703 2720 alta
715 2662 841 2739 parabat,

127 2741 197 2819 Ipsa
209 2742 295 2800 deum
307 2742 399 2800 fertur
412 2743 542 2819 genetrix
555 2741 727 2819 Berecyntia
740 2761 877 2818 magnum

126 2821 252 2880 Vocibus
264 2821 310 2880 his
323 2822 410 2880 affata
422 2821 444 2878 J
445 2841 526 2880 ovem
537 2846 543 2880 :
565 2826 581 2852 “
590 2822 646 2893 Da,
659 2824 735 2892 nate,
748 2821 867 2897 petenti,

128 2901 212 2972 Quod
224 2905 278 2960 tua
290 2921 354 2960 cara
366 2921 467 2978 parens
481 2901 589 2959 domito
603 2905 633 2958 te
646 2900 738 2977 poscit
752 2900 885 2978 Olympo.

127 2981 218 3039 Pinea
231 2981 302 3039 silva
314 2981 387 3038 mihi
399 2980 507 3039 multos
521 2981 625 3063 dilecta
637 3000 687 3057 per
700 3000 805 3039 annos:

129 3060 240 3138 [Lucus
253 3061 285 3118 in
297 3081 360 3119 arce
372 3061 429 3119 fuit
442 3048 562 3132 summis,
577 3080 632 3136 quo
646 3080 725 3118 sacra
737 3060 875 3133 ferebant,

126 3140 268 3218 Nigranti
279 3125 360 3217 picei*
371 3141 555 3217 trabibusque
569 3141 703 3199 obscurus
717 3141 824 3198 acernis
834 3140 855 3216 :]

127 3219 192 3278 Has
206 3240 259 3298 ego
273 3220 419 3278 Dardanio
428 3220 536 3298 juveni,
551 3240 639 3296 quum
653 3219 748 3278 classis
762 3224 867 3297 egeret,

127 3299 214 3358 Iraeta
226 3300 307 3371 dedi;
328 3320 404 3358 nuno
417 3299 568 3359 sollicitam
582 3300 670 3357 timor
683 3299 782 3357 anxius
795 3302 889 3377 urget.

127 3378 212 3438 Solve
224 3382 329 3451 metus,
343 3382 428 3455 atque
441 3379 495 3438 hoc
509 3379 637 3456 precibus
651 3379 711 3436 sine
724 3399 806 3455 posse
819 3381 975 3457 parentem,

127 3458 175 3517 Ne
189 3479 273 3517 cursu
287 3463 426 3536 quassatae
439 3459 497 3516 ullo
511 3479 567 3517 neu
579 3459 693 3516 turbine
707 3459 787 3516 venti

65 3563 82 3587 ,·
127 3538 305 3597 Vincantur:
326 3539 417 3615 prosit
430 3538 535 3596 nostris
548 3538 579 3595 in
592 3537 738 3596 montibus
752 3539 860 3596 ortas.’'

127 3617 219 3676 Filius
232 3618 300 3676 huic
313 3621 420 3690 contra,
433 3621 550 3694 torquet
564 3618 612 3693 qui
625 3618 717 3676 sidera
729 3619 846 3677 mundi:

128 3698 180 3756 “O
193 3697 333 3776 genetrix,
348 3718 404 3775 quo
417 3698 478 3755 fata
489 3697 597 3756 voces?
618 3700 669 3755 aut
681 3696 750 3773 quid
763 3699 837 3774 petis
850 3696 937 3757 istis?

128 3777 286 3836 Mortaline
299 3797 388 3835 manu
400 3777 484 3835 factae
497 3776 658 3835 immortale
672 3776 775 3834 carinae

129 3856 186 3916 Fas
198 3856 349 3917 habeant?
370 3859 519 3934 certusque
531 3857 642 3915 incerta
653 3856 777 3932 pericula
788 3856 894 3916 lustret

128 3936 235 3998 AEneas
247 3935 261 3996 Ρ
282 3936 329 3996 oui
341 3939 426 3997 tanta
438 3937 490 3996 deo
502 3936 640 4015 permissa
650 3935 802 4014 potestas?
