2506 4298
509 229 651 272 AENEIDOS
665 230 727 272 ΠΒ.
741 230 785 272 11.

189 371 380 449 conversique
393 371 488 431 oculos
501 372 578 430 inter
590 393 620 431 se
633 375 718 450 atque
733 392 782 430 ora
794 373 940 432 tenebant.

104 470 108 476 ·
190 451 267 509 Tum
280 453 373 510 senior
385 472 549 529 semperque
562 452 634 510 odiis
647 456 677 511 et
691 453 807 511 crimine
820 453 948 512 Drances

190 530 324 590 Infensus
333 532 433 609 juveni
445 532 543 590 Turno
557 532 597 590 sic
610 552 658 591 ore
671 532 796 590 vicissim
870 604 871 607 Ἰ

191 610 264 668 Orsa
276 612 378 670 refert:
400 611 451 670 “0
465 612 540 670 fama
552 612 663 689 ingens,
676 612 820 688 ingentior
833 613 928 683 armis,
947 627 949 630 ·

190 689 243 748 Vir
257 691 386 769 Trojane,
399 691 501 768 quibus
515 691 587 749 curlo
600 695 631 750 te
643 692 773 750 laudibus
786 691 918 769 aequemf

191 769 212 827 J
213 770 356 828 ustitiaene
369 771 447 848 prius
460 771 553 841 mirer,
567 771 671 829 belline
683 771 836 831 laborum?

191 849 255 908 Nos
268 870 334 908 vero
348 850 408 908 haeo
421 851 544 928 patriam
557 852 633 928 grati
646 851 797 909 reseremus
811 851 847 908 ad
860 851 977 921 urbem;

191 929 234 987 Et
247 932 286 1001 te,
300 930 324 987 si
338 950 393 1007 qua
405 931 481 988 viam
495 930 605 989 dederit
617 931 740 1000 fortuna,
755 930 860 988 Latino

192 1008 214 1066 J
214 1029 354 1087 urgemus
367 1010 437 1088 regi.
477 1010 593 1082 Quaerat
606 1010 660 1067 sibi
673 1010 779 1068 foedera
792 1011 915 1068 Turnus.

193 1089 270 1159 Quin
284 1093 314 1147 et
328 1089 427 1148 fatales
440 1109 587 1147 murorum
601 1090 717 1148 atollere
730 1090 827 1161 molae,

193 1168 321 1245 Saxaque
335 1170 500 1228 subvectare
513 1169 638 1227 humeris
652 1169 775 1246 Trojana
784 1169 928 1246 juvabit.”

194 1247 315 1306 Dixerat
328 1248 399 1320 haec,
412 1269 526 1326 unoque
539 1269 637 1307 omnes
651 1249 749 1307 eadem
762 1268 809 1306 ore
823 1248 992 1306 fremebant.

194 1327 246 1385 Bis
260 1347 341 1386 senos
354 1329 486 1406 pepigere
499 1329 567 1399 dies,
581 1332 611 1386 et
623 1348 691 1405 pace
704 1330 849 1404 sequestra

194 1407 251 1465 Per
264 1407 348 1466 silvas
362 1408 473 1480 Teucri,
487 1407 626 1484 mixtique
638 1409 754 1484 impune
768 1406 875 1477 Latini,

192 1486 332 1546 Erravere
341 1488 429 1566 jugis.
471 1487 559 1546 Ferro
573 1492 656 1545 sonat
669 1488 727 1545 icta
739 1487 855 1564 bipenni

193 1566 351 1640 Fraxinus3
371 1569 505 1626 evertunt
519 1570 597 1625 actas
611 1566 647 1625 ad
660 1567 752 1626 sidera
764 1566 847 1644 pinus
858 1590 865 1636 3

192 1645 309 1704 Robora
321 1667 373 1705 nec
387 1647 482 1705 cuneis
496 1649 526 1706 et
539 1647 664 1706 olentem
678 1647 804 1704 scindere
817 1645 941 1714 cedrum,

192 1725 256 1784 Nec
269 1726 404 1804 plaustris
417 1730 528 1785 cessant
541 1730 654 1786 vectare
667 1726 847 1804 gementibus
861 1745 953 1783 ornos.

233 1807 275 1864 Et
284 1806 345 1884 jam
359 1806 450 1864 Fama
462 1807 570 1878 volans,
583 1806 660 1865 tanti
673 1805 835 1884 praenuncia
847 1805 950 1875 luctus,

192 1884 362 1943 Evandrum
375 1886 558 1962 Evandrique
571 1886 670 1945 domos
684 1889 714 1944 et
726 1885 832 1943 muenia
846 1884 978 1962 complet,

193 1965 265 2037 Quae
278 1966 362 2024 modo
375 1965 513 2024 victorem
527 1966 613 2024 Latio
627 1965 759 2023 Pallanta
772 1965 889 2024 ferebat.

192 2045 318 2103 Arcades
333 2045 368 2104 ad
381 2048 478 2123 portas
491 2066 580 2118 ruere,
594 2049 624 2104 et
638 2046 672 2103 de
686 2046 893 2103 morevetusto

194 2123 338 2183 Funereas
351 2145 468 2202 rapuere
480 2126 563 2184 faces¹
605 2125 697 2183 Lucet
710 2125 757 2182 via
768 2124 855 2201 longo

194 2203 302 2262 Ordine
311 2205 499 2277 flammarum,
513 2209 543 2263 et
556 2205 614 2263 late
628 2204 805 2263 discriminat
819 2223 912 2280 agros.

194 2283 304 2342 Contra
316 2285 402 2343 turba
414 2284 567 2362 Phrygum
579 2285 695 2344 veniens
708 2283 874 2362 plangentia
882 2283 1011 2361 jungunt

193 2364 329 2442 Agmina.
370 2365 439 2435 Quae
452 2368 605 2442 postquam
618 2368 723 2424 matres
736 2363 883 2423 succedere
895 2361 981 2421 tectis

194 2443 345 2514 Viderunt,
359 2446 489 2502 maestam
501 2444 658 2503 incendunt
672 2444 840 2503 clamoribus
854 2443 962 2502 urbem.

194 2525 237 2582 At
251 2544 309 2582 uon
323 2524 491 2582 Evandrum
502 2525 579 2603 potis
592 2528 637 2583 est
649 2525 693 2583 vis
707 2525 765 2582 ulla
777 2528 890 2594 tenere3

194 2603 251 2662 Sed
263 2603 344 2662 venit
357 2604 387 2661 in
400 2604 517 2662 medios.
558 2605 676 2662 Feretro
690 2605 823 2662 Pallanta
834 2604 949 2680 reposto

195 2683 353 2741 Procubuit
366 2703 458 2760 super,
472 2687 558 2760 atque
570 2684 660 2742 haeret
669 2684 874 2759 lacrimansque
887 2699 1066 2759 gemensque,

196 2763 238 2820 Et
251 2763 298 2821 via
310 2763 359 2821 vix
371 2762 489 2822 tandem
502 2763 565 2821 voci
576 2763 672 2820 lerata
684 2762 780 2820 dolore
793 2765 856 2820 est:

194 2846 211 2872 “
221 2842 291 2899 Non
303 2842 372 2915 haee,
386 2862 403 2901 o
417 2842 506 2913 Palla,
520 2843 635 2900 dederas
648 2841 786 2918 promissa
798 2839 919 2917 parenti.

196 2921 316 2980 Cautius
329 2925 364 2980 ut
377 2942 454 2981 saero
467 2922 552 2980 velles
565 2925 596 2980 te
609 2920 720 2980 credere
733 2919 840 2978 Marti!

195 3000 286 3059 Haud
298 3001 414 3079 ignarus
428 3022 513 3073 eram,
528 3004 667 3078 qnantum
680 3020 755 3059 nova
767 2999 859 3077 glorie
870 2998 901 3056 in
913 2997 1008 3068 armis,

196 3080 239 3138 Et
252 3081 392 3158 praedulee
405 3081 490 3140 decus
502 3081 594 3159 primo
607 3080 762 3140 certamine
773 3083 878 3156 posset.

195 3159 339 3218 Primitiae
349 3161 462 3238 juvenis
475 3161 599 3220 miserae!
619 3161 740 3238 bellique
753 3157 904 3237 propinqui

140 3269 144 3278 ·
195 3239 279 3298 Dure
291 3240 469 3299 rudimenta!
490 3244 520 3300 et
533 3241 605 3298 nulli
618 3241 751 3299 exaudita
764 3239 881 3297 deorum

196 3318 274 3378 Vota
287 3340 437 3397 precesque
450 3322 536 3379 meae!
556 3325 654 3398 tuque,
668 3341 685 3379 o
698 3319 875 3378 sanctissima
888 3316 999 3392 conjux,

130 3403 156 3432 w
196 3399 280 3458 Felix
293 3403 386 3459 morte
399 3405 459 3473 tua,
472 3421 564 3478 neque
575 3401 606 3458 in
620 3401 696 3457 hunc
710 3402 822 3458 servata
834 3397 975 3456 dolorem!

196 3478 306 3538 Contra
319 3500 372 3558 ego
385 3479 506 3539 vivendo
519 3480 575 3538 vici
588 3499 651 3537 mea
663 3480 731 3550 fata,
744 3481 887 3555 superstes

196 3558 348 3618 Restarem
362 3561 396 3617 ut
410 3561 531 3636 genitor.
573 3561 681 3618 Troum
695 3560 770 3617 socia
783 3578 861 3616 arma
874 3558 1004 3615 secutum

197 3638 359 3697 Obruerent
372 3638 478 3697 Rutuli
490 3639 571 3698 telis!
592 3640 717 3698 animam
728 3639 789 3715 ipse
802 3637 949 3707 dedissem,

196 3718 295 3796 Atque
308 3717 368 3776 haec
381 3739 487 3796 pompa
499 3719 616 3778 domum
629 3738 684 3790 me,
697 3739 756 3777 non
771 3718 910 3789 Pallanta,
923 3713 1056 3775 referret!

196 3797 261 3856 Nec
275 3817 327 3856 vos
341 3798 492 3876 arguerim,
506 3798 618 3870 Teucri,
631 3819 683 3857 nec
696 3797 810 3868 foedera,
823 3816 876 3855 nec
889 3815 959 3874 quas

196 3876 220 3935 J
220 3877 356 3936 unximus
368 3877 494 3956 hospitio
507 3879 638 3950 dextrae3
658 3899 718 3938 sors
730 3878 788 3936 ista
800 3879 921 3936 seneetae

198 3956 307 4018 Debita
320 3960 383 4017 erat
394 3963 509 4019 nostre.
551 3958 637 4034 Quod
649 3958 676 4020 si
685 3959 849 4020 immatura
858 3955 1000 4016 mandunt
