2506 4298
457 257 599 300 mmo!
613 257 675 300 m.
690 259 734 302 11.

122 400 279 458 Decurrere
292 420 393 478 rogos;
412 402 459 457 ter
471 402 603 458 moestum
616 401 722 459 funeris
735 401 832 478 ignem

123 480 294 538 Lustravere
307 481 338 538 in
352 479 447 556 equis;
467 479 648 557 ululatusque
661 501 708 540 ore
722 482 831 541 dedere.

124 559 274 637 Spargitur
287 563 317 618 et
330 560 415 618 tellus
429 559 561 631 lacrimis,
574 563 748 638 sparguntur
761 565 791 620 et
805 582 891 621 arma.

123 639 155 697 It
169 639 240 697 coelo
254 639 413 717 clamorque
426 640 520 697 virum
534 640 704 718 clangorque
716 641 860 700 tubarum.

123 719 203 776 Hinc
217 719 266 776 alii
278 719 368 796 spolia
380 719 478 778 occisis
492 720 608 796 derepta
621 720 733 778 Latinis

124 797 288 877 conjiciunt
300 799 370 876 igni,
383 800 486 876 galeas,
500 819 635 877 ensesque
648 801 771 872 decoros

124 878 281 954 Frenaque,
294 879 490 956 ferventesque
504 882 599 951 rotas3
619 899 684 957 pars
698 899 816 939 munera
828 882 906 952 nota,

123 957 256 1034 Ipsorum
271 958 382 1034 clipeos,
397 961 427 1016 et
441 978 499 1016 non
513 958 605 1017 felicia
617 959 683 1021 tela.

123 1038 221 1095 Multa
232 1039 321 1096 boum
334 1039 408 1097 circa
420 1040 584 1097 mactantur
597 1057 715 1114 corpora
727 1038 820 1097 Morti
830 1065 837 1111 ;

123 1117 333 1195 Saetigerosque
346 1138 410 1176 sues
422 1120 574 1194 raptasque
588 1137 623 1177 ex
635 1118 767 1176 omnibus
781 1119 857 1196 agris

122 1197 161 1254 In
173 1197 318 1255 flammam
327 1197 463 1274 jugulant
476 1198 605 1273 pecudes.
646 1197 723 1255 Tum
735 1198 818 1257 litore
831 1202 896 1258 toto

122 1275 264 1336 Ardentes
278 1281 410 1354 spectant
423 1278 521 1349 socios,
535 1277 725 1354 semirutaque
739 1282 854 1337 servant

123 1356 233 1428 Busta;
252 1377 344 1435 neque
357 1357 441 1415 avelli
454 1359 582 1433 possunt,
595 1376 653 1415 nox
666 1357 784 1415 humida
797 1359 886 1416 donec

123 1436 250 1495 Invertit
264 1437 368 1495 eoelum
382 1437 472 1496 stellis
485 1436 662 1514 fulgentibus
675 1439 785 1514 aptum.

162 1516 226 1575 Nec
240 1517 334 1574 minus
349 1521 379 1575 et
392 1517 488 1575 miseri
501 1517 612 1576 diversa
624 1517 655 1574 in
667 1519 749 1594 perte
761 1516 860 1577 Latini

124 1594 294 1661 Innumeras
308 1600 436 1655 struxere
449 1617 551 1674 pyras3
571 1600 601 1655 et
615 1616 732 1674 corpora
743 1597 851 1674 partim

124 1675 224 1735 Multa
236 1677 331 1735 virum
343 1679 428 1734 terrae
441 1677 595 1749 infodiunt,
609 1681 762 1752 avectaque
775 1676 882 1753 partim

124 1755 279 1815 Finitimos
292 1757 400 1814 tollunt
412 1756 443 1813 in
457 1777 548 1834 agros,
562 1757 681 1833 urbique
693 1757 866 1816 remittunt:

124 1834 233 1907 Cetera,
248 1837 426 1914 confusaeque
438 1837 587 1913 ingentem
600 1837 684 1894 caedis
697 1856 838 1908 acervum,

123 1915 187 1974 Nec
200 1936 319 1975 numero
332 1937 384 1974 nec
398 1917 505 1975 honore
519 1919 663 1987 cremant3
682 1918 753 1974 tunc
766 1917 891 1995 undique
904 1915 979 1974 vasti

125 1995 267 2054 Certatim
280 1997 383 2054 crebris
397 1996 538 2054 collucent
550 1995 665 2073 ignibus
678 1996 749 2074 agri.

125 2075 223 2134 Tertia
235 2076 284 2133 lux
298 2075 422 2153 gelidam
435 2076 504 2134 coelo
518 2076 676 2134 dimoverat
688 2077 835 2134 umbram:

124 2155 279 2213 Maerentes
293 2156 385 2214 altum
398 2156 521 2214 cinerem
534 2159 564 2213 et
578 2156 695 2214 confusa
706 2157 828 2215 ruebant

125 2235 197 2294 Ossa
209 2235 288 2307 focis,
301 2236 453 2313 tepidoque
467 2236 623 2294 onerabant
636 2256 739 2313 aggere
752 2238 844 2297 terra.

125 2314 147 2372 J
147 2334 194 2373 am
207 2335 274 2374 vero
287 2316 319 2373 in
331 2316 416 2374 tectis
429 2315 585 2392 praedivitis
598 2315 668 2375 urbe
681 2315 780 2375 Latini

124 2394 292 2472 Praecipuus
306 2395 409 2472 fragor,
424 2398 454 2454 et
466 2395 545 2472 longi
558 2416 623 2473 pars
636 2396 760 2454 maxima
771 2395 876 2454 luctus.

125 2474 185 2532 Hic
198 2479 313 2546 matres,
326 2475 494 2552 miseraeque
507 2496 604 2547 nurus,
617 2476 664 2534 hic
678 2496 743 2535 cara
755 2495 884 2533 sororum

126 2554 248 2613 Pectora
260 2559 441 2626 maerentum,
455 2555 589 2631 puerique
601 2556 766 2632 parentibus
780 2555 850 2626 orbi,

126 2633 233 2692 Dirum
245 2640 427 2692 exsecrantur
439 2635 545 2693 bellum
560 2635 705 2712 Turnique
717 2636 880 2712 hymenaeos
890 2658 897 2704 ;

127 2712 229 2789 Ipsum
242 2714 336 2785 armis,
349 2715 499 2791 ipsumque
508 2715 612 2791 jubent
625 2715 772 2772 decernere
785 2713 867 2784 ferro,

127 2793 184 2864 Qui
196 2813 318 2871 regnum
332 2793 424 2851 Italiae
437 2798 467 2853 et
480 2794 585 2870 primos
599 2793 653 2851 sibi
665 2796 764 2869 poscat
776 2791 906 2852 honores.

128 2871 268 2950 Ingravat
280 2874 341 2931 haec
355 2894 445 2931 saevus
457 2873 593 2943 Drances,
607 2872 754 2948 solumque
766 2871 861 2930 vocari

127 2951 272 3024 Testatur,
286 2953 379 3011 solum
392 2953 470 3030 posci
483 2952 512 3009 in
527 2953 683 3010 certamina
694 2951 834 3009 Tumum.

128 3031 228 3090 Multa
240 3032 326 3090 simul
338 3036 438 3091 contra
450 3031 535 3090 variis
548 3031 691 3090 sententia
703 3031 787 3090 dictis

129 3111 187 3170 Pro
200 3112 314 3184 Turn03
334 3116 365 3171 et
379 3132 517 3188 magnum
529 3112 635 3188 reginae
648 3131 752 3170 nomen
766 3110 936 3180 obumbrat;

129 3190 228 3249 Multa
239 3193 334 3250 virum
346 3192 456 3250 meritis
470 3195 614 3250 sustentat
627 3191 703 3250 fama
715 3190 838 3268 tropaeis.

168 3271 234 3329 Hos
247 3272 324 3330 inter
336 3275 441 3343 motus,
455 3272 549 3330 medio
561 3272 593 3329 in
606 3271 745 3348 flagrante
758 3270 898 3341 tumultu,

129 3350 214 3422 Ecce,
228 3371 313 3429 super
324 3351 418 3409 maesti
431 3339 537 3430 magud
549 3351 697 3409 Diomedis
711 3350 746 3408 ab
759 3350 829 3408 urbe

130 3431 234 3508 Legati
246 3451 380 3508 responsa
392 3431 505 3490 ferunt:
526 3431 598 3489 nihil
611 3431 742 3489 omnibus
755 3434 853 3488 actum

130 3511 291 3569 Tantorum
303 3511 438 3588 impensis
452 3531 587 3588 operum;
607 3511 649 3568 nil
661 3511 743 3580 dona,
756 3529 847 3587 neque
860 3527 970 3580 aurum,

130 3591 193 3650 Nec
206 3611 325 3668 magnas
338 3591 459 3649 valuisse
472 3611 567 3669 preces
579 3615 586 3660 3
606 3591 661 3649 alia
674 3610 753 3648 arma
766 3588 878 3647 Latinis
973 3612 990 3638 ο

131 3671 297 3742 Quaerenda,
311 3674 361 3730 aut
374 3690 472 3747 pacem
486 3671 608 3749 Trojano
622 3671 658 3728 ab
671 3689 737 3746 rege
750 3669 911 3746 petendam.

131 3750 239 3812 Deficit
251 3751 364 3828 ingenti
376 3751 458 3809 luctu
471 3771 520 3808 rex
532 3751 592 3827 ipse
606 3749 737 3807 Latinus.

132 3829 265 3888 Fatalem
277 3830 388 3889 AEnean
400 3830 552 3889 manifesto
565 3829 682 3888 numine
694 3828 770 3899 ferri,

132 3910 280 3970 Admonet
291 3911 335 3967 ira
346 3910 440 3983 deum,
453 3909 613 3986 tumulique
626 3913 693 3967 ante
706 3928 757 3967 ora
767 3910 908 3967 recentes.

131 3988 211 4067 Ergo
223 3989 375 4049 concilium
386 4010 538 4072 magnum,
551 3989 722 4071 primosque
733 4008 861 4050 suorum
