2506 4298
480 250 621 293 numos
635 250 698 292 LIB.
712 250 770 292 XII.

152 393 174 450 J
175 414 221 450 am
230 393 291 471 jam
304 392 402 470 linquo
416 392 497 452 acies
537 393 585 451 Ne
598 413 644 450 me
656 395 762 451 terrete
775 392 935 467 timentem,

152 473 289 531 Obscenae
303 474 447 544 volucres;
467 473 575 531 alarum
588 474 704 530 verbera
717 492 811 544 nosco,

151 552 335 629 Letalemque
348 573 450 611 sonum
461 577 468 625 3
487 573 540 611 nec
552 553 656 610 fallunt
665 553 745 629 jussa
757 553 877 629 superba

151 632 333 710 Magnanimi
346 632 367 689 J
368 633 438 690 ovis.
479 632 554 690 Haec
567 652 619 709 pro
632 632 797 708 virginitate
810 631 947 709 reponit?

151 711 215 783 Quo
228 713 319 770 vitam
333 712 411 770 dedit
425 711 583 771 aternam?
604 732 654 770 cur
667 711 767 769 mortis
781 712 895 771 ademta
908 717 952 772 est

152 790 309 850 ConditioP
330 812 441 868 possem
454 794 551 849 tantos
565 791 646 849 finire
660 791 768 849 dolores

150 871 183 928 N
183 893 238 929 unc
252 875 336 943 certe,
350 875 379 930 et
393 871 495 930 misero
508 870 590 929 fratri
603 891 696 930 comes
709 871 749 930 ire
763 891 812 947 per
825 871 950 930 umbras,

151 950 327 1009 Immortalis
340 972 393 1028 ego
405 950 418 1008 Ρ
440 954 490 1009 aut
504 951 658 1028 quidquam
670 951 743 1008 mihi
755 950 837 1009 dulce
849 972 976 1010 meorum

151 1030 193 1088 Te
206 1032 275 1103 sine,
288 1031 384 1103 frater,
398 1030 475 1089 erit?
517 1030 541 1087 Ο
556 1050 618 1105 quae
631 1030 700 1088 satis
714 1030 773 1088 alta
786 1030 913 1090 dehiscat

151 1110 239 1168 Terra
252 1111 332 1181 mihi,
345 1130 497 1187 manesque
510 1110 593 1168 deam
606 1109 741 1167 demittat
755 1111 791 1167 ad
803 1111 875 1169 imos
886 1111 924 1170 ?’'

151 1189 279 1248 Tantum
292 1191 385 1261 effata,
399 1193 485 1267 caput
499 1189 599 1266 glauco
613 1189 739 1247 contexit
753 1189 862 1248 amictu

151 1269 249 1327 Multa
262 1290 387 1346 gemens
400 1273 430 1328 et
444 1289 472 1326 se
486 1269 572 1327 fluvio
586 1269 638 1326 dea
651 1268 778 1326 condidit
792 1269 860 1328 alto.

191 1349 296 1407 AEneas
310 1350 400 1407 instat
413 1353 521 1433 contra,
534 1349 679 1423 telumque
693 1351 821 1406 coruscat
1028 1340 1101 1394 β’)

151 1428 260 1506 Ingens
274 1430 430 1499 arboreum,
444 1432 474 1486 et
487 1449 564 1486 saevo
578 1427 618 1486 sic
631 1431 744 1504 pectore
757 1428 849 1487 satur:
1068 1422 1079 1442 ‘

151 1511 168 1540 ‘⁴
178 1509 248 1580 Quae
256 1529 332 1567 nunc
341 1509 441 1566 deinde
451 1528 530 1566 mora
538 1507 602 1566 est?
612 1511 663 1565 aut
671 1507 813 1584 quidjam‚
822 1507 926 1581 Turne,
934 1512 1070 1569 retractas
1082 1509 1095 1568 P

151 1587 221 1645 Non
235 1609 326 1661 cursu,
340 1589 420 1647 saevis
434 1588 601 1645 certandum
615 1590 658 1645 est
672 1587 800 1645 cominus
815 1588 908 1646 armis.

151 1667 239 1726 Verte
253 1688 350 1726 omnes
364 1671 424 1726 tete
437 1667 468 1724 in
481 1667 581 1739 sacies;
602 1670 632 1725 et
645 1667 790 1738 contrahe,
804 1667 942 1744 quidquid

152 1747 217 1805 Sive
231 1748 332 1805 animis
347 1748 405 1806 sive
418 1751 480 1805 arte
492 1747 585 1819 vades;
605 1751 674 1824 opta
687 1746 774 1804 ardua
787 1747 886 1823 pennis

152 1828 240 1884 Astra
253 1828 340 1904 sequi,
354 1827 515 1885 clausumve
529 1847 597 1885 cava
610 1830 640 1885 te
653 1827 772 1884 condere
784 1827 889 1885 terra.”

152 1905 207 1964 Ille
221 1911 307 1984 caput
321 1927 472 1985 quassans:
494 1911 510 1936 “
520 1907 589 1964 Non
603 1927 649 1964 me
662 1909 714 1964 tua
726 1906 835 1964 fervida
847 1909 957 1965 terrent

151 1985 248 2057 Dicta,
261 1987 356 2058 serox;
377 1987 406 2044 di
419 2007 465 2044 me
478 1988 596 2056 terrent,
610 1989 640 2044 et
654 1985 770 2062 Jupiter
783 1986 904 2045 hostis.’'

151 2065 214 2124 Nec
227 2066 310 2142 plura
323 2067 433 2137 effatus
448 2085 547 2123 saxum
561 2065 752 2141 circumspicit
765 2065 875 2142 ingens,

152 2146 258 2203 Saxum
272 2146 431 2222 antiquum,
444 2145 553 2222 ingens,
568 2165 666 2221 eampo
680 2146 757 2222 quod
769 2145 843 2202 sorte
851 2145 973 2222 jacebat,

152 2224 249 2283 Limes
262 2245 330 2301 agro
343 2226 462 2301 positus,
475 2224 557 2282 litem
569 2228 604 2283 ut
617 2225 788 2282 discerneret
801 2223 891 2298 arvis3

152 2304 209 2362 Vix
222 2305 293 2361 illud
305 2305 373 2363 lecti
385 2305 429 2363 bis
443 2324 492 2362 sex
505 2303 611 2362 cervice
624 2304 760 2375 subirent,

152 2384 252 2456 Qualia
265 2405 340 2442 nunc
353 2384 503 2443 hominum
515 2384 647 2460 producit
661 2404 777 2461 corpora
789 2383 892 2443 tellus:

152 2464 206 2522 Ille
219 2485 307 2522 manu
319 2468 435 2542 raptum
447 2464 558 2541 trepida
570 2465 723 2541 torquebat
736 2465 766 2521 in
779 2463 902 2538 hostem,

152 2544 248 2601 Altior
261 2544 418 2622 insurgens
433 2548 463 2602 et
476 2564 560 2602 cursu
573 2545 701 2603 concitus
715 2545 806 2602 heros.

151 2624 208 2682 Sed
221 2644 311 2701 neque
325 2627 485 2682 currentem
498 2643 536 2695 se,
550 2643 601 2682 nec
615 2624 761 2701 cognoscit
775 2626 899 2696 euntem,

152 2703 347 2762 Tollentemve
360 2724 448 2763 manu
460 2723 614 2779 saxumque
627 2703 752 2761 immane
765 2705 944 2761 moventem:

150 2783 252 2840 Genua
264 2784 378 2855 labant;
399 2783 509 2860 gelidus
522 2783 665 2840 concrevit
678 2781 783 2858 frigore
796 2783 921 2858 sanguis.

152 2863 228 2920 Tum
241 2862 311 2939 lapis
325 2863 384 2940 ipse
397 2862 459 2934 viri,
472 2881 594 2919 vacuum
607 2881 657 2938 per
669 2861 753 2919 inane
766 2860 890 2934 volutus,

150 2942 214 3000 Nec
228 2942 353 3019 spatium
366 2942 456 3001 evasit
469 2944 574 3013 totum,
587 2961 639 2998 nec
652 2940 772 3016 pertulit
784 2940 884 2998 ictum.

151 3023 195 3079 Ao
208 3018 288 3080 velut
300 3022 331 3079 in
344 3022 459 3092 somnis,
473 3020 569 3079 oculos
581 3021 632 3078 ubi
644 3019 777 3097 languida
789 3020 892 3096 pressit

150 3101 247 3159 Nocte
261 3101 347 3177 quies,
361 3101 552 3178 nequidquam
566 3100 663 3158 avidos
677 3100 826 3158 extendere
839 3119 937 3158 cursus

150 3180 230 3239 Velle
243 3181 381 3252 videmur,
395 3186 424 3238 et
437 3180 468 3238 in
481 3180 581 3238 mediis
595 3180 743 3238 conatibus
757 3179 826 3257 aegri

151 3260 345 3331 Succidimus;
365 3280 423 3318 non
436 3260 534 3337 lingua
546 3259 632 3330 valet,
645 3280 703 3318 non
717 3279 832 3336 corpore
845 3260 923 3317 notae

151 3340 302 3398 Sufficiunt
315 3340 397 3411 vires,
410 3360 462 3398 nec
474 3359 529 3397 vox
543 3343 594 3397 aut
606 3340 693 3397 verba
705 3343 880 3415 sequuntur:

150 3420 197 3478 Sic
211 3420 317 3492 Turno,
331 3439 506 3496 quacumque
519 3419 595 3478 viam
607 3419 716 3478 virtute
728 3418 840 3496 petivit,

151 3499 318 3557 Suecessum
332 3500 383 3557 dea
396 3500 458 3557 dira
470 3502 566 3576 negat.
607 3499 683 3556 Tum
696 3501 810 3576 pectore
823 3517 921 3556 sensus

149 3579 312 3637 Vertuntur
325 3579 403 3637 varii.
444 3580 569 3637 Rutulos
583 3582 710 3655 aspectat
724 3581 753 3636 et
766 3579 874 3648 urbem,

150 3657 366 3735 Cunctaturque
380 3662 469 3730 metu,
482 3659 627 3735 telumque
640 3659 746 3716 instare
759 3657 915 3728 tremiscit;

149 3738 213 3797 Nec
226 3759 283 3816 quo
296 3759 326 3797 se
339 3739 448 3816 eripiat,
461 3758 513 3797 nec
527 3738 623 3814 quavi
637 3738 737 3797 tendat
750 3737 781 3793 in
793 3737 915 3808 hostem,

149 3818 213 3876 Nec
227 3838 324 3877 currus
337 3838 457 3895 usquam
470 3818 557 3887 videt,
570 3817 733 3895 aurigamve
746 3836 878 3876 sororem.

149 3897 306 3957 Cunctanti
318 3898 409 3956 telum
421 3897 526 3956 AEneas
539 3897 624 3955 fatale
637 3897 773 3967 coruscat,

148 3978 274 4038 Sortitus
284 3978 431 4038 fortunam
444 3976 549 4054 oculis3
569 3978 600 4038 et
612 3997 732 4058 corpore
740 3977 810 4036 toto
