2506 4298
287 242 326 301 36
585 257 612 299 r.
626 254 766 298 rmorm
785 255 927 300 aaronis

286 399 391 477 Virgea
403 402 540 476 praeterea
553 396 629 457 Celei
642 399 760 475 vilisque
773 400 906 476 supellex,

287 480 423 538 Arbuteae
437 481 527 538 crates
541 482 571 537 et
584 479 707 556 mystica
718 498 827 536 vannus
842 478 956 537 Iacchi:

288 559 393 617 Omnia
405 579 469 636 quae
482 558 575 617 multo
589 561 655 616 ante
668 578 777 616 memor
789 559 902 636 provisa
913 578 1039 635 repones,

288 639 319 697 Si
331 642 362 697 te
375 638 461 715 digna
473 641 570 696 manet
584 637 672 695 divini
685 637 775 716 gloria
791 638 873 696 ruris.

289 717 432 777 Continuo
444 717 475 775 in
488 717 565 776 silvis
578 737 683 795 magna
694 717 723 774 vi
736 717 808 776 flexa
821 718 953 775 domatur

288 797 326 855 In
339 797 433 856 burim
446 800 476 856 et
489 797 568 855 curvi
581 797 701 855 formam
715 797 816 874 accipit
830 797 923 854 ulmus
937 798 1040 869 aratri;

289 877 368 935 Huic
382 898 399 937 a
412 877 499 954 stirpe
512 878 595 954 pedes
608 879 686 934 temo
699 879 848 953 protentus
861 876 892 934 in
909 881 991 948 octo,

288 956 369 1014 Binae
383 976 471 1029 aures,
485 956 590 1034 duplici
602 960 738 1033 aptantur
750 956 874 1014 dentalia
886 956 978 1015 dorso.

290 1035 417 1094 (laeditur
430 1040 460 1094 et
472 1036 537 1093 tilia
550 1039 616 1094 ante
625 1036 696 1112 jugo
709 1035 787 1107 levis,
801 1035 914 1113 altaque
927 1035 1018 1113 fagus,

290 1115 432 1192 Stivaque,
447 1136 508 1193 quae
522 1136 619 1173 currus
633 1136 650 1173 a
662 1121 744 1192 tergo
756 1118 889 1192 torqueat
903 1115 992 1188 imos;

290 1195 332 1253 Et
346 1215 480 1272 suspensa
491 1195 560 1253 focis
575 1195 701 1272 explorat
714 1195 815 1252 robora
827 1195 931 1253 fumus.

330 1275 451 1333 Possum
463 1274 556 1333 multa
567 1275 622 1332 tibi
635 1277 763 1332 veterum
775 1278 917 1352 praecepta
929 1275 1039 1346 referre,

290 1354 332 1412 Ni
345 1354 459 1432 refugis,
473 1357 627 1432 tenuesque
640 1354 719 1431 piget
733 1374 899 1432 cognoscere
913 1374 1002 1412 curas.

291 1434 367 1491 Area
379 1454 445 1492 cum
457 1433 555 1511 primis
568 1434 680 1511 ingenti
695 1434 832 1511 aequanda
844 1433 971 1511 cylindro

291 1513 334 1570 Et
347 1514 482 1573 vertenda
493 1533 580 1571 manu
594 1517 624 1571 et
637 1517 714 1571 creta
726 1513 871 1570 solidanda
882 1513 984 1585 tenaci,

292 1592 339 1651 Ne
353 1594 472 1652 subeant
484 1593 586 1664 herbae,
600 1613 656 1650 neu
669 1593 782 1668 pulvere
795 1593 872 1650 victa
884 1593 1014 1664 fatiscat;

292 1672 367 1730 Tum
380 1673 466 1730 variae
479 1672 601 1731 illudant
613 1679 722 1750 pestes:
744 1692 819 1748 soepe
832 1673 950 1750 exiguus
963 1693 1026 1729 mus

293 1752 351 1810 Sub
364 1753 448 1810 terris
461 1753 611 1830 posuitque
625 1752 722 1810 domos
736 1754 821 1828 atque
833 1752 934 1810 horrea
950 1752 1034 1822 fecit3

291 1832 354 1890 Aut
367 1833 454 1890 oculis
468 1833 544 1910 capti
557 1832 651 1890 fodere
664 1831 767 1890 cubilia
779 1832 884 1908 talpae;

291 1912 486 1989 Intentusque
500 1912 575 1970 cavis
587 1912 664 1983 buf0,
678 1915 708 1970 et
722 1931 785 1987 quae
799 1911 920 1988 plurima
933 1913 1015 1969 terrae

291 1991 425 2049 Monstra
438 1991 550 2063 ferrmt3
570 1992 741 2068 populatque
754 1991 900 2068 ingentem
913 1991 994 2049 farris
1007 2010 1139 2049 acervum

292 2070 432 2142 Curculio,
446 2075 530 2148 atque
542 2071 621 2148 inopi
633 2075 762 2128 metuens
775 2070 892 2128 formica
904 2075 1035 2129 senectae.

292 2150 508 2227 Contemplator
521 2151 601 2220 item,
615 2171 703 2227 quum
717 2170 745 2208 sc
758 2170 817 2207 nux
830 2149 952 2226 plurima
964 2150 1041 2208 silvis

292 2230 399 2288 Induet
412 2230 443 2287 in
455 2230 554 2287 florem
567 2233 597 2288 et
610 2250 702 2287 ramos
716 2228 845 2287 curvabit
859 2230 966 2287 olentes
977 2254 984 2302 ;

292 2309 324 2367 Si
337 2312 471 2386 superant
484 2310 567 2381 fetus,
581 2309 686 2387 pariter
699 2309 842 2366 frumenta
854 2313 1016 2386 sequentur,

293 2390 457 2466 Magnaque
470 2410 535 2447 cum
548 2409 653 2466 magno
666 2389 761 2447 veniet
773 2389 879 2446 tritura
892 2389 999 2461 calore3

293 2470 336 2526 At
349 2468 373 2526 si
386 2469 497 2527 luxuria
509 2468 640 2527 foliorum
654 2470 787 2527 exuberat
800 2468 908 2540 umbra,

293 2548 495 2625 Nequidquam
507 2548 627 2625 pingues
639 2549 720 2625 palea
732 2551 807 2606 teret
821 2568 884 2606 area
897 2548 1013 2606 culmos.

295 2626 412 2686 Semina'
420 2628 479 2686 vidi
492 2627 622 2705 equidem
634 2629 740 2685 multos
754 2628 891 2686 medicare
905 2631 1037 2700 serentes,

294 2707 337 2765 Et
350 2707 426 2766 nitro
439 2708 517 2785 prius
530 2710 560 2766 et
573 2707 656 2785 nigra
668 2707 833 2784 perfundere
847 2728 968 2779 amurca,

296 2787 437 2845 Grandior
450 2792 484 2846 ut
497 2787 571 2846 fetus
585 2787 692 2864 siliquis
705 2787 850 2845 fallacibus
864 2791 946 2858 esset,

295 2867 338 2925 Et
351 2867 478 2944 quamvis
491 2867 552 2944 igni
565 2866 667 2944 exiguo
680 2870 829 2944 properata
841 2867 997 2926 maderent.

295 2947 364 3004 Vidi
375 2948 450 3005 lecta
462 2946 512 3004 diu
525 2950 554 3005 et
567 2947 659 3004 multo
673 2950 801 3023 spectata
813 2946 908 3004 labore

295 3026 473 3104 Degenerare
486 3029 592 3098 tamen,
605 3026 636 3084 ni
649 3026 692 3083 vis
705 3026 830 3084 humana
847 3024 999 3103 quotannis

295 3105 425 3164 Maxima
437 3127 553 3184 quaequc
566 3126 653 3163 manu
665 3105 787 3182 legeret;
812 3105 851 3164 sic
865 3106 960 3164 omnia
971 3104 1038 3163 fatis

295 3185 333 3242 In
346 3186 425 3263 pejus
438 3206 527 3257 ruere,
541 3206 572 3244 ac
585 3189 662 3244 retro
675 3186 806 3262 sublapsa
818 3185 931 3257 referri;

295 3266 365 3323 Non
378 3265 461 3324 aliter
474 3286 559 3343 quam
572 3266 621 3341 qui
634 3265 750 3323 adverso
763 3265 812 3323 vix
824 3265 940 3323 flumine
952 3264 1078 3322 lembum

296 3344 436 3422 Remigiis
449 3344 565 3423 subigit,
580 3345 604 3402 si
617 3345 732 3403 brachia
744 3345 817 3403 forte
829 3345 948 3415 remisit,

296 3425 393 3499 Atque
405 3424 488 3483 illum
500 3425 531 3482 in
543 3445 668 3502 praeceps
681 3444 770 3503 prono
784 3425 859 3501 rapit
872 3424 968 3482 alveus
981 3421 1067 3481 amni.

336 3503 476 3562 Praeterea
488 3507 550 3562 tam
563 3507 631 3562 sunt
644 3504 761 3563 Arctrui
774 3504 865 3562 sidera
880 3504 961 3562 nobis

295 3583 512 3660 Haedorumque
524 3583 583 3642 dies
597 3583 726 3641 servandi
739 3586 769 3641 et
781 3584 891 3642 lucidus
905 3582 1025 3660 Anguis,

296 3663 390 3735 Quam
403 3662 505 3740 quibus
517 3662 549 3721 in
561 3662 684 3739 patn'am
696 3666 817 3721 ventosa
829 3683 879 3740 per
892 3681 1006 3739 aequora
1019 3661 1107 3720 vectis

296 3741 408 3800 Pontus
422 3744 452 3800 et
465 3741 587 3800 ostriferi
599 3743 693 3800 fauces
705 3745 856 3801 tentantur
868 3742 973 3820 Abydi.

295 3821 384 3880 Libra
397 3821 442 3881 die
455 3822 602 3899 somnique
614 3841 694 3899 pares
707 3822 758 3880 ubi
770 3823 867 3880 fecerit
880 3822 973 3893 horas,

292 3901 338 3960 Et
349 3901 477 3960 medium
489 3901 547 3961 luci
560 3904 646 3979 atque
657 3901 766 3960 umbris
775 3901 836 3980 jam
849 3901 951 3960 dividit
965 3900 1070 3973 orbem,

143 4000 157 4039 r
280 3979 437 4058 Exeruere,
451 3981 516 4060 viri,
530 3985 648 4060 tauroa3
668 3981 754 4045 serite
763 3981 873 4042 hordea
884 3980 990 4059 campis
