2506 4298
470 227 688 272 nurmosmn.
703 228 739 270 11.
1020 218 1077 279 143

126 370 306 448 Suspensum
319 371 349 428 et
361 369 467 447 pariter
480 370 634 448 comitique
647 371 780 448 onerique
792 372 954 434 timentem.

126 450 254 527 Jamque
266 450 491 542 propinquabam
503 451 604 528 portis,
617 471 786 529 omnemque
799 452 915 514 videbar

126 529 262 588 Evasisse
274 549 366 588 vicem
378 554 385 603 ;
404 530 500 589 subito
513 551 602 608 quum
615 530 711 590 creber
723 532 760 590 ad
773 552 853 591 aures

125 608 213 667 Visus
227 608 325 668 adesse
337 609 442 687 pedum
455 610 575 682 sonitus,
588 609 755 688 genitorque
767 630 818 689 per
831 615 962 672 umbram

126 688 316 766 Prospiciens,
330 689 377 747 ‘N
378 689 441 761 ate,'
457 690 604 762 exclamat,
619 690 710 767 ‘fuge
723 693 808 764 nate3
827 695 1035 772 propinquant3

125 768 271 827 Ardentes
285 768 389 846 clipeos
401 772 488 846 atque
501 789 556 828 aera
567 769 703 828 micantia
716 771 818 829 cemo‘

126 847 188 906 Hic
202 848 275 906 mihi
286 848 381 907 nescio
394 848 471 926 quod
482 849 595 927 trepido
606 849 681 907 male
694 869 800 908 numen
813 851 936 910 amioum

127 926 285 986 Confirsam
298 927 402 1006 eripuit
414 932 550 988 mentem.
590 928 723 1006 Namque
737 929 800 988 avia
809 950 895 990 cursu

125 1005 209 1064 Dum
223 1027 332 1084 sequor,
345 1010 375 1066 et
388 1011 459 1066 nota
471 1008 574 1067 excedo
587 1008 702 1085 regione
714 1008 834 1082 uarum,

125 1085 213 1144 Heu!
233 1087 337 1145 misero
350 1087 453 1164 conjux
464 1088 561 1146 fatone
574 1090 671 1164 erepta
684 1087 790 1147 Oreiisa

126 1165 276 1238 Substitit,
289 1167 430 1225 erravitne
443 1167 498 1239 via,
511 1187 561 1226 seu
573 1167 647 1225 lassa
658 1168 772 1240 resedit,

125 1244 294 1318 Incertum;
313 1266 366 1304 nee
378 1249 445 1324 post
458 1247 546 1305 oculis
559 1249 603 1305 est
615 1247 727 1305 reddita
739 1248 853 1307 nostris.

125 1324 193 1383 Nee
205 1325 283 1402 prius
297 1325 429 1383 amissam
442 1326 560 1404 respexi,
573 1327 736 1386 animumve
749 1327 853 1400 reflexi,

125 1404 222 1476 Quam
234 1404 381 1462 tumulum
393 1405 519 1482 autiquae
533 1405 642 1464 Cereris
655 1407 804 1484 sedemque
817 1410 956 1466 sacratam

125 1483 284 1542 Venimus:
303 1484 351 1543 hic
364 1485 478 1544 demum
492 1485 616 1545 collectis
630 1486 761 1545 omnibus
774 1507 831 1545 una

125 1562 248 1636 Defuit3
267 1566 297 1623 et
311 1564 438 1636 comites
451 1568 616 1643 natumque,
628 1565 777 1643 virumque
790 1565 900 1624 fefellit.

95 1650 112 1666 ³
126 1642 221 1715 Quem
234 1663 293 1701 non
305 1643 432 1727 incusavi
445 1664 541 1704 amens
554 1644 758 1722 hominumque
771 1645 966 1722 deorumque?

126 1722 192 1780 Aut
205 1722 274 1799 quid
285 1723 317 1781 in
330 1734 430 1784 eversa
437 1724 497 1782 vidi
510 1724 650 1783 crudelius
663 1724 756 1784 urbe?

125 1801 293 1874 Ascanium,
306 1802 506 1881 Anchisenque
517 1806 639 1882 patrem,
653 1804 831 1882 Teucrosque
843 1806 960 1881 penates
1078 1871 1086 1887 ι,

128 1880 304 1940 Commendo
317 1882 408 1955 sociis,
422 1887 452 1942 et
466 1878 552 1942 curvb
563 1884 637 1942 valle
649 1884 787 1957 recond03

127 1960 197 2039 Ipse
209 1962 309 2020 urbem
321 1965 428 2040 repeto,
441 1964 471 2021 et
484 1963 583 2041 cingor
595 1963 770 2041 fulgentibus
784 1965 878 2024 armis.

128 2040 196 2100 Stat
209 2061 289 2100 casius
301 2061 436 2101 renovare
448 2063 555 2114 omnes,
568 2063 737 2120 omnemque
749 2045 855 2103 reverti

128 2119 187 2179 Per
199 2120 322 2199 Trojam,
335 2125 366 2180 et
377 2142 475 2181 rursus
489 2126 575 2201 caput
588 2122 728 2201 objectare
740 2123 860 2200 periclis.

128 2199 274 2278 Principio
286 2221 383 2260 muros
395 2202 568 2280 obscuraque
579 2202 679 2261 limina
690 2205 792 2280 portae,

129 2279 193 2352 Qua
205 2300 334 2358 gressum
347 2282 512 2354 extuleram,
525 2284 639 2360 repet03
659 2285 690 2341 et
702 2283 824 2361 vestigia
837 2286 913 2341 retro

129 2358 288 2443 Observata
296 2381 400 2438 ¹sequor
412 2381 463 2439 per
475 2364 590 2421 noctem
603 2365 633 2420 et
645 2362 752 2421 lumine
764 2362 865 2421 lustro.

75 2458 108 2478 ψ
128 2438 241 2498 Horror
253 2439 358 2517 ubique
370 2441 488 2514 animos,
502 2441 587 2500 simul
598 2442 660 2519 ipsa
673 2443 785 2501 silentia
797 2445 916 2501 terrent.
1001 2512 1005 2519 Ι
1142 2488 1146 2493 .
1168 2466 1175 2479 f
1205 2480 1230 2501 s..

129 2517 202 2576 Inde
215 2518 341 2593 domum,
354 2520 380 2579 si
391 2521 465 2580 forte
477 2522 587 2599 pedem,
601 2521 626 2580 si
637 2522 711 2580 forte
723 2522 846 2593 tulisset,
875 2532 912 2563 ²¹⁴
951 2535 963 2553 ⁶
974 2534 1006 2559 Μ
1029 2525 1094 2587 i“·'·³
1130 2518 1164 2541 '⁸
1178 2523 1181 2529 ’
1193 2538 1196 2545 ’

129 2597 182 2656 Me
193 2598 293 2658 refero.
332 2599 480 2660 Irruerant
494 2601 597 2674 Danai,
609 2604 640 2660 et
652 2604 764 2661 tectum
777 2621 860 2661 omne
872 2600 1018 2659 tenebant.

129 2676 214 2736 Ilicet
226 2678 302 2756 ignis
315 2679 386 2738 edax
399 2700 510 2739 summa
523 2681 559 2739 ad
571 2681 686 2759 fastigia
698 2684 785 2740 vento

128 2756 279 2831 Volvitur;
299 2763 468 2837 exsuperant
480 2761 620 2833 flammae;
639 2761 710 2819 furit
723 2764 811 2819 aestus
825 2760 861 2818 ad
874 2779 963 2817 auras.

128 2836 265 2911 Procedo,
278 2841 308 2897 et
322 2839 430 2898 Priami
442 2841 521 2899 sedes
535 2860 682 2918 arcemque
693 2840 794 2898 reviso.

128 2915 173 2974 Et
180 2915 243 2994 jam
254 2919 411 2996 porticibus
424 2919 519 2978 vacuis
533 2919 555 2977 J
555 2921 657 2978 unonis
670 2919 749 2998 asylo

129 2994 269 3056 Custodes
282 2998 350 3057 lecti
363 2998 486 3057 Phoenix
498 3002 529 3058 et
543 2999 620 3058 dirus
633 2999 732 3058 Ulixes

129 3075 259 3136 Praedam
272 3079 462 3137 asservabant.
503 3078 572 3137 Huc
585 3078 710 3155 undique
724 3079 810 3137 Troia
822 3097 893 3156 gaza

128 3154 257 3214 Incensis
270 3161 367 3235 erepta
380 3158 484 3236 adytis,
497 3178 655 3234 mensaque
669 3158 795 3230 deorum,

128 3233 314 3313 Crateresque
326 3257 395 3296 auro
409 3237 499 3311 solidi,
512 3238 678 3315 captivaque
691 3238 779 3297 vestis

128 3313 310 3393 Congeritur.
352 3317 439 3376 Pueri
451 3321 481 3376 et
493 3318 601 3395 pavide
613 3319 700 3396 longo
713 3318 810 3377 ordine
823 3319 928 3375 matres

128 3393 215 3453 Stant
228 3395 343 3454 circum.

126 3473 224 3533 Ausus
237 3475 307 3552 quin
320 3475 408 3535 etiam
420 3497 503 3536 voces
512 3477 621 3555 jactare
633 3497 684 3555 per
696 3476 836 3549 umbram,

127 3551 252 3631 Implevi
264 3554 385 3614 clamore
397 3556 466 3629 vias,
479 3561 651 3633 mestusque
665 3556 804 3615 Oreiisam

127 3631 330 3711 Nequidquam
342 3635 520 3713 ingeminans
533 3637 694 3714 iterumque
706 3636 866 3712 iterumque
879 3634 986 3694 vocavi.

127 3712 282 3785 Quaerenti,
296 3718 326 3772 et
338 3715 424 3774 tectis
438 3716 516 3775 urbis
529 3716 590 3774 sine
602 3716 659 3775 fine
672 3715 788 3787 liuenti,

127 3791 234 3851 infelix
247 3793 430 3854 simulacrum
443 3797 529 3872 atque
541 3795 630 3872 ipsius
643 3796 745 3853 umbra
758 3795 870 3854 Oreiisae

126 3871 198 3931 Visa
208 3872 283 3931 mihi
295 3875 363 3933 ante
375 3875 481 3947 oculos,
493 3877 524 3934 et
536 3878 607 3934 note.
618 3875 709 3952 major
719 3874 824 3952 imago

127 3950 282 4031 Obstupui,
294 3955 491 4034 stetenmtque
504 3973 602 4032 comae,
617 3958 648 4018 et
661 3976 719 4018 vox
730 3954 864 4018 faucibus
872 3950 974 4015 bresit.
