2506 4298
166 216 203 273 14
462 234 489 275 r.
504 233 645 276 vraarnrr
659 233 800 277 MARONIS

164 373 207 432 Et
220 393 291 451 puer
303 373 362 451 ipse
375 375 432 433 fuit
445 375 554 435 cantari
567 376 678 454 dignus,
692 380 722 435 et
734 376 792 435 ista

164 452 187 511 J
187 473 234 511 am
246 454 356 531 pridem
370 455 508 514 Stimicon
521 456 649 514 laudavit
662 456 786 514 carmina
798 455 888 514 nobis.

203 533 289 591 Man.
311 533 455 592 Candidus
468 535 613 594 insuetum
626 537 746 594 miratur
758 536 846 594 limen
860 536 976 614 Olympi

163 612 222 670 Sub
234 613 407 691 pedibusque
421 614 499 673 videt
512 616 601 674 nubes
615 619 645 673 et
659 616 751 673 sidera
763 615 903 692 Daphnis.

162 692 242 770 Ergo
256 693 354 751 alacris
368 693 452 751 silvas
466 698 496 752 et
510 697 603 753 cetera
615 714 681 753 rura
694 695 842 772 voluptas'

162 771 297 850 Panaque
310 775 491 850 pastoresque
504 776 585 833 tenet
599 774 785 852 Dryadasque
798 775 921 851 puellas:

161 851 225 910 Nec
238 851 322 929 lupus
335 852 450 910 insidias
463 854 565 930 pecori,
578 874 630 912 nec
643 853 716 911 retia
728 854 817 912 cervis

162 929 231 989 Ulla
243 932 340 990 dolum
353 932 544 1004 meditantur;
564 935 642 991 amat
655 933 746 991 bonus
760 933 820 992 otia
832 932 973 1011 Daphnis.

161 1009 223 1088 Ipsi
236 1006 338 1070 latita
349 1032 432 1070 voces
446 1013 482 1070 ad
495 1013 587 1071 sidera
594 1013 708 1090 jactant

160 1089 276 1149 Intonsi
288 1094 417 1163 111011100;
436 1092 504 1169 ipsae
513 1093 575 1170 jam
587 1093 712 1150 carmina
724 1111 816 1169 rupes,

160 1168 230 1247 Ipsa
242 1174 345 1229 sonant
358 1173 489 1230 arbusta:
511 1177 527 1202 ‘⁴
537 1172 613 1244 deus,
627 1173 696 1229 deus
708 1172 765 1244 ille,
780 1171 940 1230 Menalca.”

160 1249 205 1308 Sis
218 1251 309 1309 bonus
323 1271 339 1309 ο
353 1250 474 1328 felixque
487 1250 561 1310 tuis!
582 1272 617 1310 en
632 1254 753 1328 quatuor
766 1271 844 1310 aras:

160 1330 237 1388 Ecce
250 1330 319 1388 duas
332 1330 396 1402 tibi,
410 1330 535 1407 Daphni,
549 1331 618 1388 duas
632 1331 732 1389 altaria
744 1330 864 1389 Phoebo.

160 1408 268 1468 Pocula
279 1410 347 1468 bina
359 1430 433 1468 novo
448 1411 612 1487 spumantia
624 1410 698 1468 laete
711 1410 872 1487 quotannis,

159 1488 345 1566 Crateraaque
357 1489 414 1548 duo
427 1492 553 1548 statuam
565 1489 620 1548 tibi
633 1490 747 1567 pinguis
760 1490 843 1561 olivi3

161 1569 203 1627 ut
215 1570 307 1627 multo
320 1569 350 1627 in
363 1569 461 1646 primis
475 1569 598 1627 hilarans
612 1569 741 1628 convivia
753 1569 876 1642 Baccho,

160 1648 238 1707 Ante
251 1648 354 1720 focum,
368 1649 392 1706 si
405 1649 494 1726 frigus
508 1649 571 1719 erit,
585 1649 609 1706 si
622 1649 729 1720 messis,
743 1649 773 1707 in
786 1650 895 1721 umbra,

159 1727 235 1786 Vina
247 1749 353 1786 novum
366 1729 484 1787 fimdam
497 1729 616 1787 calathis
629 1729 744 1786 Ariusia
756 1733 862 1787 nectar.

160 1806 326 1866 Cantabuut
339 1809 410 1866 mihi
423 1809 572 1867 Damoetas
586 1812 616 1866 et
629 1808 749 1886 Lyctius
763 1809 876 1886 AEgon3

159 1886 302 1946 Saltantes
316 1887 433 1965 Satyros
446 1887 607 1946 imitabitur
621 1888 827 1965 Alphesiboeus.

159 1967 232 2025 Haec
245 1967 300 2025 tibi
313 1988 423 2044 semper
436 1970 528 2038 erunt,
543 1971 572 2025 et
586 1988 675 2045 quum
687 1967 823 2025 solemnia
835 1971 904 2026 vota

159 2046 322 2105 Reddemus
336 2046 491 2124 Nymphis,
505 2050 535 2104 et
548 2067 637 2124 quum
649 2047 832 2105 lustrabimus
846 2067 937 2125 agros.

160 2125 240 2184 Dum
248 2126 321 2204 juga
332 2127 439 2184 montis
453 2146 527 2202 aper,
540 2126 641 2184 fluvios
655 2127 725 2184 dum
737 2127 820 2204 piscis
834 2127 950 2198 amabit,

160 2205 294 2283 Dumque
307 2206 410 2283 thymo
423 2209 575 2282 pascentur
588 2225 662 2283 apes,
676 2207 745 2264 dum
757 2227 820 2265 1010
833 2207 943 2278 cicadae,

160 2285 276 2362 Semper
288 2285 378 2344 honos
392 2305 551 2362 nomenque
564 2289 648 2343 tuum
661 2285 813 2363 laudesque
826 2287 991 2344 manebunt.

159 2365 203 2423 Ut
218 2365 331 2423 Baccho
346 2364 504 2441 Cererique,
517 2365 572 2423 tibi
586 2365 625 2423 sic
638 2368 707 2423 vota
720 2366 871 2442 quotannis

158 2445 299 2522 Agricolae
312 2444 433 2514 facient3
455 2445 601 2503 damnabis
614 2448 649 2503 tu
662 2465 773 2522 quoque
786 2447 870 2504 votis.

199 2525 282 2582 Mor.
304 2525 374 2596 Quae
386 2523 450 2594 tibi,
464 2544 526 2600 quae
539 2525 592 2582 tali
604 2525 719 2583 reddam
733 2545 784 2602 pro
798 2525 920 2584 carmine
934 2522 1031 2583 dona?

160 2604 239 2662 Nam
251 2624 342 2681 neque
356 2623 401 2662 me
414 2607 531 2661 tantum
540 2604 681 2662 venientis
695 2605 793 2663 sibilus
807 2605 904 2675 austri,

160 2684 222 2742 Neo
234 2703 366 2761 percussa
373 2683 480 2760 juvant
492 2683 584 2742 fluctu
596 2687 658 2741 tam
670 2684 763 2756 litora,
777 2705 828 2743 neo
842 2705 904 2762 quae

160 2764 278 2822 Saxosas
291 2763 367 2821 inter
380 2763 534 2821 decurrunt
547 2763 665 2821 flumina
677 2764 774 2821 valles.
957 2816 962 2831 ,

199 2843 284 2901 Mun.
306 2842 372 2901 Hac
385 2845 415 2900 te
428 2863 481 2900 nos
493 2842 589 2920 fragili
602 2843 769 2901 donabimus
783 2846 850 2901 ante
863 2843 965 2901 cicuta.

159 2922 232 2981 Haec
245 2943 306 2994 nos,
320 2922 492 2981 Formosum
506 2921 641 3000 Corydon
654 2923 771 2981 ardebat
784 2922 904 2981 Alexin:

159 3003 232 3061 Haec
246 3003 343 3061 eadem
357 3002 464 3072 docuit,
479 3001 584 3079 Cujum
596 3001 706 3079 pecus?
727 3023 763 3061 an
777 3002 930 3060 Meliboei?

198 3083 282 3141 Mor.
302 3083 345 3140 At
358 3084 392 3139 tu
406 3101 486 3140 sume
499 3082 612 3157 pedum,
627 3082 710 3158 quod,
724 3102 770 3140 me
784 3102 872 3159 quum
886 3101 958 3159 saepe
971 3083 1094 3158 rogaret,

158 3162 228 3221 Non
241 3162 311 3220 tulit
324 3161 492 3238 Antigenes,
506 3164 536 3218 01
549 3164 611 3219 erat
623 3164 688 3218 tum
702 3161 805 3239 dignus
818 3162 915 3233 amari,

160 3243 330 3301 Formosum
343 3241 457 3318 paribus
471 3241 553 3299 nodis
567 3243 653 3318 atque
667 3261 729 3313 aere,
744 3241 883 3299 Menalca.
