2506 4298
304 223 311 235 ⁴
417 209 561 252 numos
573 210 637 252 LIB.
651 209 723 252 vm.

113 351 205 410 Vobis
218 349 379 410 Mercurius
392 355 474 429 pater
487 355 540 424 est,
554 373 639 429 quem
653 352 773 411 candida
785 352 867 411 Maia

116 431 243 509 Cyllenae
256 431 349 508 gelido
363 435 533 509 conceptum
546 433 652 491 vertice
664 432 757 504 sudit3

115 511 158 569 At
172 511 290 582 Maiam,
304 511 409 569 auditis
422 511 447 569 si
460 512 615 588 quidquam
629 512 778 584 credimus,
790 513 884 584 Atlas,

116 591 200 649 Idem
213 590 297 648 Atlas
311 594 439 668 generat,
452 591 516 651 coeli
530 592 579 670 qni
592 592 684 651 sidera
696 592 784 651 tollit.

116 671 164 729 Sic
178 690 269 748 genus
282 671 431 729 amborum
444 671 549 730 scindit
563 691 593 730 se
606 671 744 749 sanguine
757 672 793 730 ab
806 691 873 729 uno.

116 750 175 808 His
187 750 287 822 fretus,
299 770 359 808 non
371 750 491 828 legatos,
504 771 595 828 neque
608 752 701 828 prima
712 771 763 828 per
776 754 868 809 artem

61 848 68 879 ί
116 829 309 889 Tentamenta
321 829 367 897 tui
379 830 491 908 pepigi:
513 851 568 902 me,
581 850 628 888 me
640 831 709 907 ipse,
723 850 875 907 meumque

117 909 217 986 Objeci
230 913 324 987 caput,
338 913 369 968 et
382 911 500 987 supplex
513 911 550 968 ad
562 910 663 968 limina
675 910 749 969 veni.

117 989 196 1047 Gens
209 990 317 1062 eadem,
331 1009 395 1065 quae
408 994 447 1061 te,
461 990 569 1048 mudeli
580 990 696 1048 Daunia
707 990 783 1048 bello

117 1067 302 1144 Insequitur3
321 1089 374 1127 nos
387 1069 412 1127 si
424 1069 541 1146 pellant,
554 1069 629 1127 nihil
642 1072 718 1128 afore
731 1069 860 1141 credunt,

118 1148 195 1220 Quin
208 1168 322 1206 omnem
335 1148 506 1226 Hesperiam
517 1149 633 1226 penitus
646 1170 698 1208 sua
710 1150 763 1209 sub
772 1149 846 1226 juga
857 1149 987 1221 mittant,

117 1227 161 1286 Et
174 1248 261 1299 mare,
275 1228 352 1306 quod
365 1249 459 1306 supra,
471 1232 598 1301 teneant,
612 1229 743 1306 quodque
756 1230 839 1287 allmt
851 1229 933 1287 infra.

117 1307 233 1385 Accipe,
247 1307 337 1386 daque
350 1308 445 1368 fidem.
486 1309 562 1367 Sunt
574 1309 656 1368 nobis
669 1309 757 1367 fortia
767 1309 842 1367 bello
1070 1360 1074 1369 ,
1159 1348 1193 1397 ἴ

118 1386 249 1459 Pectora,
263 1391 332 1446 sunt
345 1388 441 1460 animi,
456 1391 486 1447 et
499 1389 583 1448 rebus
596 1391 725 1466 spectata
733 1387 902 1464 juventus.”
911 1358 1017 1433 .ls.-.......l„
1049 1389 1074 1416 '⁸
1115 1374 1222 1465 {2⁸

158 1467 280 1525 Dixerat
292 1467 407 1526 AEneas.
448 1467 502 1527 Ille
516 1468 560 1540 os',
570 1468 721 1545 oculosque
734 1468 882 1546 loquentes
1166 1462 1194 1491 ⁴¹

118 1547 140 1604 J
141 1546 306 1619 amdudum,
320 1551 350 1605 et
362 1551 460 1606 totum
472 1548 614 1607 lustrabat
626 1547 734 1606 lumine
746 1567 856 1624 corpus.

119 1626 196 1684 Tum
209 1626 249 1684 sic
262 1647 352 1704 pauca
364 1628 467 1686 refert:
489 1627 561 1686 “Ut
574 1630 613 1699 te,
626 1627 780 1685 fortissime
793 1627 943 1697 Teucrum,

119 1706 237 1783 Accipio
251 1726 428 1784 agnoscoque
441 1707 548 1766 libens!
568 1711 604 1765 ut
616 1707 703 1765 verba
715 1706 850 1784 parentis,

118 1785 162 1844 Et
175 1805 275 1845 vocem
288 1787 420 1845 Anchisa
434 1787 533 1864 magni
544 1787 716 1863 vultumque
727 1787 874 1845 recordor!

119 1865 199 1924 Nam
212 1865 330 1924 memini
343 1866 478 1926 Hesiona
491 1867 632 1925 visentem
644 1886 733 1944 regna
746 1866 849 1925 sororis

119 1944 383 2005 Laomedontiaden
396 1946 553 2017 Priamum,
567 1947 710 2004 Salamina
721 1949 877 2023 petentem,

73 2074 94 2092 ,„
121 2025 264 2084 Protenus
277 2026 406 2084 Arcadiae
419 2026 527 2104 gelidos
539 2026 660 2084 invisere
673 2026 753 2083 fines.

120 2105 197 2163 Tum
210 2105 283 2164 mihi
294 2105 388 2183 prima
399 2126 487 2184 genas
499 2106 624 2164 vestibat
637 2106 705 2163 flore
714 2105 851 2183 juventa:

121 2184 304 2262 Mirabarque
317 2186 402 2244 duces
415 2187 548 2258 Teucros,
560 2186 684 2244 mirabar
695 2188 726 2244 et
738 2185 833 2262 ipsum

121 2264 401 2338 Laomedontiaden3
421 2266 471 2324 sed
483 2265 595 2324 cunctis
608 2265 693 2324 altior
704 2265 767 2324 ibat

121 2344 271 2403 Anchises.
312 2344 390 2403 Mihi
403 2365 484 2404 mens
493 2345 622 2423 juvenali
634 2345 752 2403 ardebat
765 2363 861 2404 amore

122 2423 298 2502 Compellare
310 2424 414 2497 virum,
427 2428 459 2484 et
471 2426 581 2483 dextra
595 2425 766 2503 conjungere
779 2425 927 2484 dextram:

122 2505 246 2576 Accessi,
260 2507 290 2563 et
303 2504 423 2582 cupidus
437 2504 548 2563 Phenei
562 2505 617 2562 sub
630 2505 736 2563 moenia
748 2504 826 2563 duxi.

122 2582 179 2644 llle
191 2583 264 2642 mihi
275 2584 418 2662 insignem
431 2585 595 2662 pharetram
608 2583 767 2661 Lyciasque
781 2586 902 2661 sagittas
1002 2594 1005 2601 '

122 2664 279 2723 Discedens
293 2664 528 2743 chlamydemque
541 2683 609 2722 auro
622 2663 703 2722 dedit
715 2663 910 2732 intertextam,

123 2743 274 2822 Frenaque
286 2743 363 2816 bina,
375 2763 457 2803 meus
471 2763 534 2821 quae
546 2764 623 2801 nunc
636 2743 733 2814 habet,
746 2761 839 2814 aurea,
853 2742 957 2800 Pallas.

123 2824 205 2901 Ergo
218 2826 257 2895 et,
271 2844 356 2901 quam
369 2823 477 2902 petitis,
486 2824 590 2902 juncta
601 2826 646 2882 est
658 2822 731 2880 mihi
743 2822 848 2881 foedere
860 2822 978 2880 dextra:

124 2904 166 2961 Et
178 2904 228 2961 lux
243 2924 332 2981 quum
343 2904 470 2980 primum
482 2903 566 2962 terris
579 2923 610 2962 se
623 2902 747 2962 crastina
758 2901 867 2974 reddet,

123 2983 240 3041 Auxilio
253 2983 334 3041 laetos
347 2983 503 3055 dimittam,
516 2983 673 3060 opibusque
682 2981 799 3060 juvabo.

124 3063 242 3122 Interea
254 3083 332 3121 sacra
344 3062 413 3135 haec,
427 3063 541 3140 quando
552 3063 611 3121 huc
623 3061 741 3120 venistis
755 3060 848 3132 amici,

124 3144 240 3214 Annua,
254 3162 318 3220 quae
332 3142 443 3201 differre
456 3143 544 3214 nefas,
558 3142 698 3201 celebrata
710 3141 839 3199 faventes

125 3221 295 3293 Nobiscum,
308 3222 409 3300 etjam
422 3242 499 3282 nunc
512 3222 653 3282 sociorum
666 3220 817 3279 assuescite
830 3217 964 3277 mensis.”

166 3301 239 3360 Hac
251 3301 302 3361 ubi
315 3302 401 3375 dicta,
415 3302 500 3380 dapes
509 3302 594 3380 jubet
607 3305 638 3360 et
651 3300 764 3358 sublata
776 3299 875 3377 reponi

126 3381 242 3453 Pocula,
255 3382 457 3460 gramineoque
469 3383 545 3440 viros
557 3382 634 3440 locat
647 3380 707 3458 ipse
720 3379 802 3438 sedili
813 3404 821 3451 ;

126 3461 366 3539 Pracipuumque
379 3465 444 3521 toro
457 3464 488 3520 et
500 3461 592 3519 villosi
608 3459 681 3538 pelle
693 3459 782 3517 leonis

126 3540 242 3618 Accipit
254 3541 375 3613 AEnean,
388 3541 515 3619 solioque
526 3540 632 3598 invitat
647 3559 757 3613 acerno.
783 3552 884 3611 usqae

127 3621 204 3678 Tum
217 3620 285 3679 lecti
294 3620 415 3698 juvenes
428 3621 560 3680 certatim
573 3638 685 3695 araeque
698 3618 826 3677 sacerdos

126 3700 244 3759 Viscera
254 3703 334 3758 tosta
346 3700 444 3759 ferunt
456 3705 615 3771 taurorum,
629 3703 804 3774 onerantque
817 3697 948 3757 canistris

127 3779 214 3838 Dona
224 3779 359 3838 laborate
373 3779 491 3851 Cereris,
505 3779 709 3854 Bacchumque
720 3778 895 3836 ministrant.

126 3859 261 3918 Vescitur
274 3858 388 3931 AEneas,
402 3859 489 3918 simul
501 3863 532 3918 et
545 3858 669 3936 Trojano
676 3858 823 3935 juventus,

127 3937 266 4018 Perpetui
278 3942 362 4018 tergo
374 3939 464 4014 boris,
477 3941 508 3998 et
517 3938 686 3998 lustralibus
696 3937 780 3997 extis.
