2506 4298
469 225 610 268 maumas
624 226 722 267 nram
1013 213 1071 271 343

131 366 206 440 Quid
219 387 320 426 manus
333 367 422 425 illa
395 385 497 439 vuum,
511 369 560 444 qui
572 389 618 427 me
631 387 748 444 meaque
762 388 840 426 arma
854 367 967 428 secuti?

131 448 253 520 Quosne,
266 448 360 506 nefas!
381 467 478 506 omnes
490 414 648 506 infandam
662 451 754 506 morte
767 448 891 525 reliqui?

131 527 173 584 Et
186 548 263 585 nunc
275 530 403 604 palantes
416 528 506 598 vide0‚
520 528 715 604 gemitumque
729 528 881 586 cadentum

131 606 257 683 Accipio.
298 607 374 677 Quid
387 607 465 684 agol
487 611 537 665 aut
552 627 612 682 quae
622 607 683 684 jam
697 607 787 664 satis
779 628 838 664 rma
850 609 977 667 dehiscat

133 685 221 743 Terra
232 685 328 744 mihi?
348 706 399 743 vos
413 706 430 744 0
442 687 538 763 potius
552 685 731 756 miserescite,
744 687 833 758 venti,

132 765 170 822 In
182 785 275 842 rupes,
288 764 319 822 in
333 766 535 824 saxa-volens
549 786 599 824 vos
614 766 727 822 Turnus
741 766 866 824 adoro—

133 845 220 902 Ferte
233 848 332 917 ratem,
346 845 483 922 saevisque
496 846 575 903 vadis
588 845 738 903 immittite
752 845 854 922 Syrtis,

134 924 197 994 Quo
210 945 301 1000 neque
314 945 360 982 me
373 925 485 996 Rutuli,
496 946 547 983 nec
561 925 672 983 conscia
684 926 760 982 fama
773 926 936 1002 sequatur.”

133 1003 208 1061 Haec
221 1024 389 1076 memorans,
403 1004 497 1062 animo
510 1025 585 1062 nunc
599 1005 664 1075 huc,
677 1025 753 1062 nunc
766 1005 888 1064 fluctuat
901 1006 984 1079 illuc;

133 1083 182 1139 An
195 1103 255 1141 sese
268 1104 401 1141 mucrone
415 1085 451 1142 ob
464 1086 580 1142 tantum
593 1084 712 1141 dedecus
726 1104 823 1142 amens

134 1162 250 1233 Induat,
264 1167 294 1220 et
308 1164 426 1221 crudum
439 1183 489 1240 per
502 1167 593 1221 costas
607 1163 703 1239 exigat
716 1184 828 1237 ensem;

136 1241 287 1300 Fluctibus
300 1262 337 1299 an
346 1243 434 1319 jaciat
449 1242 556 1313 mediis,
570 1247 599 1301 et
612 1242 698 1300 litora
710 1244 803 1300 nando

135 1320 230 1379 Curva
242 1325 332 1398 petat,
346 1323 542 1398 Teucrumque
555 1323 660 1380 iterum
674 1343 703 1380 se
717 1323 817 1380 reddat
830 1322 861 1380 in
874 1343 960 1382 arma.

135 1401 192 1458 Ter
206 1405 323 1459 conatus
337 1407 487 1479 utramque
501 1403 593 1459 viam:
613 1404 658 1459 tor
672 1402 794 1459 maxima
808 1402 829 1458 J
831 1423 887 1460 uno

136 1479 287 1539 Continuit
299 1507 306 1551 ;
322 1483 512 1561 juvenemque
525 1482 613 1540 animi
625 1481 758 1539 miserata
770 1482 914 1558 repressit.

135 1559 257 1619 Labitur
270 1562 437 1620 altasecans
451 1562 595 1638 fluctuque
609 1564 737 1636 aestuque
750 1562 890 1634 secundo;

136 1641 179 1698 Et
191 1642 280 1718 patris
294 1642 442 1718 antiquam
456 1642 552 1699 Dauni
565 1641 690 1700 defertur
703 1641 739 1697 ad
751 1641 860 1698 urbem.

175 1722 218 1778 At
232 1721 251 1778 J
254 1721 314 1778 ovis
327 1722 436 1780 interea
448 1722 565 1779 monitis
580 1720 741 1778 Mezentius
755 1721 855 1778 ardens

137 1801 269 1858 Succedit
282 1821 395 1878 pugnae,
410 1802 587 1878 Teucrosque
601 1800 711 1857 invadit
725 1803 851 1858 ovantes.

137 1881 318 1938 Concurrunt
332 1881 485 1958 Tyrrhenae
500 1881 581 1952 acies,
595 1883 680 1955 atque
694 1880 825 1938 omnibus
838 1878 896 1953 uni,

138 1960 197 2017 Uni
210 1960 337 2036 odiisque
350 1962 411 2019 viro
425 1962 545 2036 telisque
558 1960 752 2035 frequentibus
765 1959 885 2017 instant.

136 2040 200 2110 Ille,
213 2039 294 2098 velut
307 2061 391 2117 rupes
404 2043 518 2098 vastum
532 2060 593 2115 quaa
606 2039 703 2116 prodit
715 2040 746 2096 in
762 2059 866 2115 aequor,

139 2119 231 2177 Obvia
242 2123 394 2178 ventorum
407 2120 496 2190 furiis,
510 2123 681 2196 expostaque
694 2122 792 2196 ponto,

137 2199 207 2256 Vim
220 2204 353 2257 cunctam
367 2202 452 2274 atque
465 2199 556 2256 minas
569 2199 675 2276 perfert
689 2198 807 2275 coelique
820 2197 970 2274 marisque,

139 2279 208 2355 Ipsa
220 2279 340 2337 immota
353 2298 469 2336 manens
479 2283 488 2336 ι’
506 2278 614 2355 prolem
628 2278 811 2336 Dolichaonis
825 2277 958 2336 Hebrum

140 2358 249 2416 Sternit
262 2358 352 2428 humi,
366 2378 431 2415 cum
445 2378 501 2433 quo
515 2358 667 2436 Latagum,
682 2359 870 2434 Palmumque
883 2359 1028 2435 fugacem:

140 2438 197 2495 Sed
209 2437 354 2514 Latagum
367 2458 433 2495 saxo
447 2441 533 2514 atque
546 2439 657 2516 ingenti
669 2439 808 2516 fragmine
821 2438 927 2496 montis

141 2518 269 2594 Occupat
282 2538 313 2575 os
327 2517 482 2593 faciemque
495 2519 659 2590 adversam
678 2518 786 2596 poplite
800 2518 934 2576 Palmum

141 2597 255 2655 Succiso
268 2596 346 2654 volvi
358 2617 474 2674 segnem
485 2598 570 2670 sinit3
590 2619 723 2674 armaque
737 2597 831 2655 Lauso

141 2676 240 2735 Donat
253 2676 355 2735 habere
368 2677 503 2748 humeris,
517 2681 547 2735 et
561 2678 666 2735 vertice
679 2679 765 2754 figere
779 2677 887 2734 cristas.

141 2756 205 2814 Nec
217 2776 276 2814 non
288 2756 444 2815 Evanthen
458 2757 628 2834 Phrygium,
643 2756 807 2830 Paridisque
821 2755 965 2812 Mimanta

142 2835 293 2911 AEqualem
306 2837 512 2912 comitemque:
533 2856 591 2893 una
604 2855 688 2912 quem
701 2839 785 2892 nocte
799 2834 914 2891 Theano

143 2915 181 2973 In
193 2915 286 2974 lucem
299 2917 423 2993 genitori
435 2919 547 2993 Amyco
561 2916 649 2986 dedit,
662 2920 692 2972 et
705 2914 765 2971 face
777 2932 929 2989 praegnans

143 2995 248 3054 Cisseis
261 2996 359 3073 regina
372 2997 477 3054 Parin:
499 2995 580 3052 Paris
593 2961 662 3052 urlie
675 2996 793 3071 paterna

144 3075 315 3133 Occubacss
281 3096 440 3153 ,ignarum
453 3076 580 3132 Laurens
593 3075 680 3132 habet
693 3093 743 3131 ora
756 3072 908 3129 Mimanta.

143 3154 187 3213 Ac
200 3155 279 3214 velut
292 3155 340 3213 ille
353 3176 456 3214 canum
469 3175 566 3213 morsu
579 3155 614 3212 de
627 3152 773 3212 montibus
786 3151 851 3209 altis

142 3235 235 3292 Actus
249 3255 323 3312 aper,
337 3236 411 3293 mult
398 3239 443 3293 tos
456 3235 578 3293 Vesulus
592 3253 675 3310 quem
688 3232 807 3338 pinifer
804 3251 891 3288 annos

78 3339 80 3343 ’
143 3313 290 3386 Defendit,
302 3315 444 3373 multosve
456 3314 536 3390 palus
550 3313 713 3382 Laurentia,
728 3306 807 3370 silva

144 3393 249 3452 Paetus
262 3360 424 3465 aiundinet,
437 3398 589 3471 postquam
601 3394 677 3451 inter
690 3392 762 3450 retia
774 3392 894 3449 ventum
906 3392 959 3462 est,

145 3474 291 3545 Substitit,
304 3474 451 3533 infremuit
453 3494 506 3549 que
520 3474 607 3545 ferox,
620 3477 650 3532 et
663 3471 806 3530 inhorruit
820 3436 1020 3529 armoszf'xt':
1001 3464 1022 3495 '³
1048 3486 1106 3529 ·':'-

143 3553 176 3612 N
176 3574 207 3613 ec
221 3553 354 3630 cuiquam
367 3554 450 3612 irasci
461 3554 611 3631 propiusve
624 3553 753 3611 accedere
766 3551 866 3619 virtus,

144 3633 201 3693 Sed
209 3634 311 3711 jaculis
324 3634 452 3709 tutisque
465 3633 563 3711 procul
576 3654 590 3691 c
590 3633 744 3691 lamoribus
756 3631 882 3688 instant:

144 3712 199 3772 Ille
213 3715 311 3772 autem
323 3714 482 3790 impavidus
495 3718 589 3790 partes
604 3711 775 3771 cunctatur
767 3731 798 3767 m
812 3729 917 3780 omnes,

145 3792 289 3852 Dentibus
302 3793 473 3865 infrendens,
487 3798 517 3852 et
530 3797 612 3870 tergo
626 3791 735 3851 decutit
748 3791 861 3848 hastas:

145 3873 235 3932 Haud
248 3872 331 3931 aliter
332 3873 437 3951 ,justae
452 3875 553 3950 quibus
567 3876 611 3931 est
625 3869 802 3931 Mezentius'
795 3888 853 3940 nae,

145 3953 216 4012 Non
228 3952 282 4011 ulli
294 3957 339 4012 est
352 3954 463 4013 animus
476 3953 578 4014 stricto
592 3969 761 4014 concinnere
771 3950 871 4022 ferro,
