2506 4298
145 227 205 284 400
453 242 797 287 nvrsmnnuanoms.

144 382 268 442 Eminus
280 383 436 462 intorquet.
476 385 584 444 Murali
597 386 708 446 concita
719 406 865 464 nunquam

145 463 301 523 Tormento
314 464 354 524 sic
368 484 435 523 saxa
447 465 582 537 fremunt,
596 487 648 525 nec
660 467 778 525 fulmine
791 467 868 525 tanti

147 543 312 602 Dissultant
326 544 459 621 crepitus.
499 546 587 604 Volat
600 546 655 604 atri
668 547 791 604 turbinis
805 546 896 605 instar

147 622 279 681 Exitium
293 623 386 682 dirum
399 624 483 683 hasta
496 625 596 697 ferens,
610 645 726 702 orasque
739 625 860 684 recludit

147 702 268 774 Loricae,
282 705 312 761 et
326 703 408 780 clipei
422 709 563 762 extremos
576 705 765 783 septemplicis
779 706 859 764 orbes
865 725 876 777 ·;
886 713 901 756 Ἀ
928 751 929 754 ,
1003 769 1005 773 ,

145 781 202 840 Per
215 782 342 840 medium
354 783 477 842 stridens
490 784 595 842 transit
608 784 709 843 femur.
750 784 857 844 Incidit
870 785 946 844 ierus
979 796 989 828 -’

145 861 253 939 Ingens
266 862 422 921 adterram
435 863 579 940 duplicato
591 864 700 941 poplite
713 864 836 923 'Ilirnns
1001 909 1007 917 .

145 940 330 1018 Consurgunt
342 943 454 1020 gemitu
467 942 580 1015 Rutuli,
594 947 732 1021 totusque
744 943 870 1022 remugit
991 990 993 994 ,
1044 951 1064 983 1³¹
1082 955 1086 959 ’
1103 944 1148 1002 δ’.

144 1019 232 1080 Mons
246 1021 360 1093 circum,
374 1024 404 1080 et
417 1042 515 1080 vocem
528 1024 586 1081 late
599 1043 714 1081 nemora
727 1023 787 1081 alta
799 1024 963 1082 remittunt.

144 1100 199 1158 Ille
211 1100 328 1158 humilis
342 1100 513 1179 supplexque
527 1102 622 1162 oculos
636 1103 821 1179 dextramque
836 1106 1000 1181 precantem

144 1180 331 1252 Protendens,
346 1181 513 1258 “Equidem
526 1182 625 1254 merui,
639 1202 691 1241 nec
705 1182 866 1259 deprecor‚”
883 1181 996 1259 inquit3

144 1259 261 1318 “Utere
274 1263 350 1318 sorte
363 1263 423 1318 tua.
464 1262 564 1320 Miseri
576 1264 607 1319 te
622 1262 646 1319 si
660 1281 716 1338 qua
729 1262 856 1339 parentis

145 1339 273 1416 Tangere
287 1360 354 1398 cura
366 1344 471 1417 potest,
485 1341 629 1399 oro-suit
643 1345 673 1399 et
685 1341 741 1399 tibi
753 1341 820 1399 talis

145 1419 284 1477 Anchises
298 1420 548 1496 genitor-Dauni
560 1421 692 1479 miserere
706 1425 827 1479 senectae
838 1445 845 1493 ;

145 1499 187 1556 Et
201 1518 255 1571 me,
270 1519 320 1557 seu
333 1519 433 1576 corpus
447 1501 601 1576 spoliatum
612 1500 722 1558 lumine
735 1501 834 1572 mavis,

144 1577 244 1637 Redde
257 1578 336 1637 meis.
376 1579 496 1652 Vicisti3
516 1583 546 1638 et
559 1581 668 1638 victum
682 1581 798 1639 tendere
810 1579 918 1657 palmas

144 1657 266 1716 Ausonii
278 1658 388 1730 videre;
408 1662 460 1717 tua
473 1663 517 1718 est
530 1660 650 1718 Lavinia
663 1659 782 1737 conjux;

144 1736 274 1795 Ulterius
288 1757 324 1796 ne
336 1739 422 1797 tende
435 1739 535 1797 odiis.'’
578 1739 667 1798 Stetit
680 1759 744 1797 acer
756 1739 787 1797 in
800 1739 885 1797 armis

144 1817 258 1889 AEneas‚
272 1818 387 1876 volvens
401 1819 505 1891 oculos,
518 1819 702 1895 dextramque
716 1818 866 1895 repressit3

144 1896 187 1954 Et
196 1896 383 1975 jamjamque
396 1899 487 1976 magis
500 1901 683 1957 cunctantem
696 1898 809 1957 flectere
822 1917 913 1956 sermo

145 1975 292 2053 Coeperat:
313 1977 411 2036 infelix
424 1979 542 2037 humero
556 1998 646 2056 quum
659 1978 790 2054 apparuit
804 1977 863 2036 alto

144 2055 273 2127 Balteus,
288 2059 317 2115 et
331 2058 408 2116 notis
420 2057 560 2116 fulserunt
574 2057 689 2135 cingula
701 2058 786 2115 bullis
876 2067 877 2070 ’

144 2135 285 2194 Pallantis
298 2138 394 2213 pueri3
414 2138 524 2196 victum
538 2158 622 2215 quem
635 2137 750 2195 vulnere
764 2137 878 2194 Turnus

145 2214 291 2274 Straverat
305 2220 391 2294 atque
404 2217 529 2275 humeris
542 2218 691 2275 inimicum
703 2217 814 2294 insigne
828 2215 954 2293 gerebat.

144 2293 208 2366 Ille,
223 2295 310 2352 oculis
323 2300 475 2373 postquam
489 2297 555 2354 saevi
569 2300 754 2355 monumenta
767 2296 871 2354 doloris

144 2373 325 2451 Exuviasque
338 2376 442 2448 hausit,
456 2376 536 2434 furiis
550 2396 691 2446 accensus,
705 2379 735 2433 et
748 2376 791 2433 ira

144 2452 305 2512 Terribilis:
328 2458 344 2485 “
355 2455 436 2512 Tune
449 2454 516 2512 hinc
530 2455 626 2531 spoliis
639 2455 740 2513 indute
753 2475 881 2513 meorum

143 2533 273 2610 Eripiarc
286 2533 382 2593 mihi?
423 2534 517 2592 Pallas
527 2538 557 2592 te
570 2534 625 2592 hoc
638 2534 763 2605 vulnere,
778 2534 872 2592 Pallas

144 2612 289 2684 Immolat,
303 2617 333 2671 et
346 2634 459 2690 poenam
474 2614 608 2672 scelerato
622 2634 656 2672 ex
671 2614 809 2689 sanguine
823 2612 940 2671 sumit.’'

143 2691 211 2751 Hoc
225 2693 328 2765 dicens,
341 2694 448 2752 ferrum
461 2695 577 2752 adverso
591 2695 644 2752 sub
657 2697 771 2770 pectore
785 2693 882 2751 condit

144 2771 291 2830 Ferridus
331 2774 388 2831 Ast
400 2774 444 2831 illi
457 2774 606 2832 solnmtur
619 2773 723 2851 frigore
736 2774 872 2843 membra,

143 2849 267 2930 Vitaque
281 2873 345 2911 cum
358 2855 469 2932 gemitu
481 2854 558 2932 sugit
571 2854 721 2931 indignata
734 2854 787 2911 sub
800 2853 923 2910 umbras.
