2506 4298
475 239 655 284 GEORGIOON
673 242 736 284 ΗΒ.
751 243 773 285 1.

149 381 244 453 Quam
258 379 362 453 Cereri,
375 382 455 440 torta
466 382 616 441 redimitus
629 388 759 463 tempora
772 407 884 464 quercu,

149 461 211 519 Det
224 464 323 519 motus
335 461 538 538 incompositos
552 466 582 521 et
596 465 721 523 carmina
734 466 818 524 dicat.

189 541 289 617 Atque
302 540 362 599 haec
375 545 409 598 nt
423 543 508 600 certis
517 543 657 619 possimus
671 545 776 604 discere
790 546 887 624 signis,

151 619 318 697 AEstusque,
331 621 505 698 pluviasque,
519 625 549 680 et
562 626 679 700 agentes
693 624 799 702 frigora
811 630 928 686 ventos:

150 699 219 777 Ipse
234 699 322 757 Pater
335 700 448 771 statuit,
463 701 531 778 quid
543 707 690 762 menstrua
703 705 787 763 Luna
799 709 944 780 moneret;

151 779 216 850 Quo
230 779 313 856 signo
327 779 460 838 caderent
473 782 580 854 austri;
600 783 670 860 quid
682 804 754 861 saepe
767 785 897 844 videntes

149 858 296 936 Agricolae
310 858 424 937 propius
438 860 557 918 stabulis
571 866 700 921 armenta
712 867 851 922 tenerent.

151 938 306 1010 Continuo,
321 939 414 996 ventis
428 941 620 1016 surgentibus,
634 945 685 1000 aut
698 943 771 1001 freta
783 945 867 1020 ponti

151 1018 303 1095 Incipiunt
317 1019 426 1096 agitata
439 1023 605 1093 tumescere,
620 1025 649 1079 et
663 1023 757 1080 aridus
771 1024 837 1081 altis

152 1098 306 1156 Montibus
320 1098 411 1155 audin'
423 1099 535 1176 fragor;
556 1106 607 1158 aut
619 1103 782 1160 resonantia
793 1104 879 1181 longe

153 1178 255 1236 Litora
268 1177 388 1250 misceri,
402 1182 432 1236 et
444 1199 593 1238 nemorum
606 1181 807 1241 increbrescere
820 1204 957 1242 murmur.

152 1257 176 1314 J
177 1278 224 1315 am
237 1257 291 1316 sibi
304 1261 369 1315 tum
382 1258 475 1316 curvis
489 1260 561 1318 male
575 1264 717 1338 temperat
729 1263 806 1320 unda
819 1263 929 1336 carinis,

154 1339 251 1409 Quum
264 1337 359 1396 medio
372 1338 475 1396 celeres
487 1340 617 1398 revolant
630 1360 664 1398 ex
679 1361 791 1417 aequore
804 1343 903 1420 mergi,

153 1417 372 1494 Clamoremque
385 1417 481 1476 ferunt
494 1419 531 1476 ad
543 1419 645 1491 litora3
666 1441 808 1497 quumque
821 1423 938 1481 marinae

153 1497 193 1554 In
206 1497 281 1554 sicco
294 1496 399 1555 ludunt
413 1498 516 1569 fulicae,
529 1502 667 1576 notasque
681 1501 796 1576 paludes

153 1577 280 1647 Deserit,
295 1579 381 1654 atque
394 1577 483 1635 altam
496 1599 581 1656 supra
594 1580 672 1637 volat
685 1581 769 1638 ardea
782 1581 896 1639 nubem.

154 1657 236 1734 Saepe
249 1657 339 1715 etiam
351 1657 456 1728 stellas,
469 1662 556 1716 vento
570 1659 760 1736 impendente,
773 1660 882 1719 videbis

154 1737 324 1814 Praecipites
337 1736 407 1794 coelo
420 1737 486 1808 labi,
500 1738 647 1816 noctisque
659 1758 711 1815 per
723 1741 854 1797 umbram

154 1817 353 1875 Flammarum
366 1817 467 1894 longos
480 1837 498 1874 a
509 1821 592 1894 tergo
605 1818 743 1876 albescere
756 1822 865 1877 tractus
876 1844 882 1891 ;

155 1898 236 1974 Saepe
247 1896 341 1955 levem
353 1897 463 1973 paleam
476 1900 506 1954 et
519 1897 631 1956 frondes
644 1899 762 1956 volitare
775 1899 902 1970 caducas,

155 1979 219 2034 Aut
232 1996 346 2034 summa
357 1979 460 2034 nantes
473 1975 503 2034 in
516 1997 590 2054 aqua
602 1977 741 2036 colludere
754 1978 873 2055 plumas.

156 2058 198 2114 At
213 2057 315 2114 Boreae
330 2057 365 2114 de
377 2059 458 2133 parte
471 2057 559 2114 trucis
573 2078 662 2133 quum
674 2057 816 2129 fulminat,
830 2062 860 2116 et
873 2079 961 2136 quum

155 2135 285 2212 Eurique
299 2135 477 2213 Zephyrique
489 2139 573 2194 tonat
586 2137 703 2195 domus:
724 2138 819 2196 omnia
831 2138 921 2215 plenis

157 2216 239 2273 Rura
250 2218 355 2273 natant
367 2215 458 2287 fossis,
472 2219 558 2292 atque
571 2215 662 2274 omnis
676 2216 775 2275 navita
786 2221 875 2294 ponto

157 2295 291 2353 Humida
302 2295 366 2353 vela
378 2294 459 2372 legit.
499 2296 656 2372 Nunquam
669 2297 896 2373 imprudentibus
909 2297 999 2356 imber

157 2375 269 2434 Obsuit.
310 2375 371 2432 Aut
384 2375 466 2432 illum
479 2381 643 2452 surgentem
656 2376 777 2434 vallibus
790 2376 855 2435 imis

156 2455 255 2514 Adriae
269 2456 368 2531 fugere
381 2475 465 2532 grues
476 2479 482 2526 ;
503 2459 554 2513 aut
565 2456 669 2514 bucula
682 2457 785 2514 coelum

158 2534 321 2613 Suspiciens
333 2535 439 2611 patulis
452 2534 579 2611 captavit
592 2536 707 2593 naribus
720 2555 818 2606 auras3

158 2617 221 2673 Aut
235 2617 339 2692 arguta
350 2615 427 2672 lacus
441 2614 679 2673 circumvolitavit
692 2615 831 2687 hirimd03

158 2695 201 2753 Et
214 2697 341 2753 veterem
354 2694 385 2751 in
396 2694 466 2751 limo
478 2713 556 2752 ranae
569 2696 692 2753 cecinere
706 2694 856 2771 querelam.

159 2775 271 2851 Saepius
285 2777 315 2832 et
328 2774 413 2832 tectis
426 2774 616 2850 penetralibus
630 2775 734 2832 extubt
747 2795 801 2833 ova

158 2857 329 2932 Angustum
341 2853 460 2912 formica
471 2857 566 2912 terens
578 2854 634 2912 iter
644 2879 650 2925 ;
671 2858 701 2912 et
713 2855 787 2913 bibit
800 2855 901 2932 ingens

157 2935 269 3006 Arous;
289 2937 320 2992 et
333 2953 349 2992 e
361 2936 447 3010 pastu
459 2933 595 2992 decedens
609 2934 721 3011 agmine
734 2954 840 3012 magno

159 3015 319 3073 Corvorum
331 3012 472 3091 increpuit
485 3013 578 3071 densis
591 3013 730 3072 exercitus
743 3013 804 3071 alis.

160 3094 182 3152 J
182 3114 230 3152 am
242 3092 335 3151 varias
348 3092 442 3170 pelagi
454 3093 590 3165 volucres,
603 3097 634 3151 et
647 3112 711 3170 quae
724 3093 794 3150 Asia
806 3093 912 3151 circum

159 3173 303 3232 Dulcibus
315 3173 347 3231 in
360 3172 469 3249 stagnis
482 3173 623 3230 rimantur
636 3177 718 3250 prata
731 3172 855 3250 Caystri,

160 3253 304 3312 Certatim
316 3252 412 3329 largos
424 3252 551 3310 humeris
563 3252 711 3311 infundere
723 3272 809 3323 rores,

159 3333 249 3392 Nunc
262 3335 349 3409 caput
362 3332 503 3409 objectare
516 3333 605 3404 fretis,
619 3353 695 3390 nunc
709 3352 819 3390 currere
832 3332 863 3389 in
876 3331 975 3402 undas,

159 3413 204 3471 Et
217 3412 314 3472 studio
327 3411 469 3470 incassum
481 3412 577 3470 videas
589 3412 695 3490 gestire
707 3411 829 3469 lavandi.

160 3493 238 3551 Tum
251 3491 349 3550 cornix
362 3490 445 3568 plena
457 3491 582 3569 pluviam
595 3495 679 3550 vocat
690 3492 820 3568 improba
832 3511 909 3562 voce,

160 3573 204 3632 Et
217 3572 278 3631 sola
290 3572 321 3629 in
335 3571 409 3629 sicca
422 3591 518 3630 secum
531 3572 673 3648 spatiatur
686 3591 777 3629 arena.

159 3652 209 3712 Ne
220 3654 364 3710 nocturna
375 3651 491 3728 quidem
504 3655 650 3728 carpentes
663 3671 750 3728 pensa
762 3650 864 3728 puellae

160 3732 315 3790 Nescivere
327 3730 460 3802 hiemem,
473 3734 551 3789 testa
562 3751 651 3808 quum
664 3731 781 3789 ardente
792 3730 922 3788 viderent

161 3811 325 3870 Scintillare
337 3810 432 3869 oleum
444 3815 475 3869 et
487 3814 586 3888 putres
599 3829 775 3869 concrescere
788 3810 900 3886 fungos

200 3891 266 3950 Nec
279 3890 374 3948 minus
386 3909 422 3948 ex
433 3890 519 3949 imbri
532 3891 604 3949 soles
617 3893 647 3948 et
660 3892 758 3967 ape1ta
770 3909 868 3947 serena

161 3970 329 4050 Prospicere
341 3973 373 4028 ot
385 3969 470 4029 certis
478 3970 590 4048 poteris
602 3989 773 4050 cognoscere
786 3967 896 4052 signis:
