2506 4298
454 193 595 236 AENEIDOS
608 194 671 236 mr.
685 195 743 238 VII.

123 333 292 412 Eupalium,
306 337 336 392 et
344 334 445 412 prime
457 336 594 395 revocabo
607 337 720 396 exordia
732 358 846 416 pugnae.

123 414 171 472 'ru
182 417 288 485 vatem,
300 417 336 472 tu
348 414 422 488 diva,
435 435 526 474 mone.
567 415 670 474 Dicam
683 417 798 478 horrida
809 421 899 494 bella3

122 493 229 552 Dicam
241 494 322 566 acies,
335 498 469 572 actosque
482 495 583 554 animis
595 496 627 553 in
639 496 738 556 funera
750 518 839 576 reges,

122 573 357 652 Tyrrhenamque
370 586 495 647 manum,
508 577 657 653 totamque
669 576 722 634 sub
736 597 814 636 arma
827 582 955 640 coactam

122 652 303 729 Hesperiam.
344 654 439 732 Major
451 675 547 713 rerum
559 655 632 713 mihi
644 656 770 714 nescitur
783 659 869 732 ordo;

121 731 222 810 Majus
235 753 305 811 opus
318 753 426 799 moveo.
467 733 532 793 Rex
545 755 612 793 arva
625 734 747 794 Batinus
760 740 790 795 et
803 739 886 798 urbes

122 811 146 869 J
147 832 194 870 am
207 812 299 872 senior
311 813 397 892 longa
409 813 532 891 placidas
545 815 576 872 in
588 834 656 891 pace
668 816 794 892 regebat.

122 890 214 950 Hunc
227 892 328 952 Fauno
341 897 371 952 et
384 894 512 971 nympha
524 894 656 972 genitum
668 894 812 955 Laurente
825 897 936 957 Marica

120 971 303 1048 Accipimus:
323 972 424 1032 Fauno
438 973 523 1032 Picus
536 976 633 1050 pater:
653 973 733 1051 isque
745 979 893 1052 parentem

121 1050 174 1122 Te,
188 1051 318 1126 Satnme,
330 1053 434 1126 refert;
453 1056 489 1112 tu
501 1053 646 1130 sanguinis
659 1053 779 1113 ultimus
793 1060 900 1117 auctor.

122 1129 216 1188 Filius
228 1131 305 1205 huic,
317 1132 379 1190 fato
392 1132 498 1204 divum,
512 1132 659 1210 prolesque
671 1132 762 1192 virilis

120 1209 213 1269 Nulla
224 1210 288 1284 fuit,
301 1211 447 1289 primaque
460 1213 552 1271 oriens
566 1215 662 1289 erepta
670 1212 792 1290 juventa
804 1218 857 1275 est.

122 1289 190 1348 Sola
202 1291 319 1349 domum
332 1294 362 1350 et
374 1294 471 1351 tantas
485 1292 614 1350 servabat
627 1291 686 1350 filia
699 1292 786 1366 aedes,

121 1368 145 1426 J
146 1389 192 1427 am
204 1374 318 1429 matura
329 1371 399 1443 viro,
408 1371 471 1449 jam
482 1371 573 1448 plenis
586 1371 690 1431 nubilis
704 1373 794 1432 annis.

121 1449 215 1508 Multi
226 1450 305 1508 illam
317 1471 422 1528 magno
435 1472 451 1510 e
464 1451 549 1510 Latio
562 1433 680 1527 totique
692 1454 829 1528 petebant

120 1529 265 1602 Ausonia3
285 1530 359 1608 petit
373 1534 439 1589 ante
452 1531 521 1590 alios
534 1530 738 1608 pulcherrimus
752 1553 849 1591 omnes

121 1609 245 1682 Turnus,
258 1610 318 1668 avis
331 1611 477 1687 atavisque
489 1614 590 1688 potens
601 1635 607 1682 ;
628 1630 712 1687 quem
725 1612 803 1688 regia
816 1613 918 1691 conjux

119 1689 251 1767 Adjungi
262 1710 399 1767 generum
411 1691 483 1748 miro
496 1691 664 1767 properabat
678 1709 789 1763 amore3

121 1769 178 1827 Sed
191 1769 275 1828 variis
288 1773 423 1846 portenta
435 1770 520 1828 deum
533 1769 688 1828 terroribus
701 1770 828 1830 obstant.

119 1848 233 1906 Laurus
246 1852 307 1908 erat
320 1849 392 1908 tecti
403 1849 497 1908 medio
509 1849 541 1906 in
552 1848 744 1925 penetralibus
757 1849 833 1922 altis,

120 1928 207 1986 Sacra
219 1948 338 2001 comam,
351 1930 514 2006 multosque
526 1931 607 1987 metu
620 1931 732 1987 servata
743 1949 794 2006 per
806 1949 911 1988 annos:

120 2007 214 2079 Quam
226 2011 308 2086 pater
319 2008 475 2081 inventam,
487 2008 593 2086 primas
607 2028 695 2085 quum
708 2009 841 2069 conderet
854 2029 940 2082 arces,

118 2087 188 2164 lpse
199 2088 343 2148 ferebatur
355 2089 466 2148 Phoebo
480 2108 601 2147 sacrasse
614 2086 745 2160 Latinus,

118 2167 327 2244 Laurentisque
340 2169 376 2227 ab
388 2188 422 2227 ea
433 2188 538 2227 nomen
550 2167 675 2246 posuisse
688 2166 804 2227 colonis.

119 2247 218 2326 Hujus
231 2268 296 2326 apes
309 2268 452 2306 summum
466 2248 570 2319 densae,
583 2247 711 2306 mirabile
724 2247 812 2320 dictu,

118 2326 248 2387 Stridore
259 2328 372 2413 ingenti
384 2327 523 2404 liquidum
536 2331 616 2385 trans
630 2326 739 2385 aethera
750 2331 849 2399 vectae,

118 2405 261 2467 Obsedere
274 2407 398 2486 apicem;
417 2411 455 2480 et,
469 2407 587 2484 pedibus
600 2426 650 2483 per
662 2409 765 2465 mutua
776 2408 864 2480 nexis,

118 2486 249 2546 Examen
262 2487 389 2547 subitum
402 2507 481 2545 ramo
493 2485 643 2545 frondente
655 2487 799 2564 pependit.

117 2565 263 2626 Continuo
275 2570 365 2639 rates,
379 2571 395 2598 “
404 2567 565 2625 Externum
578 2565 747 2638 cernimus‚”
761 2566 864 2644 inquit,

117 2649 135 2677 ‘⁴
143 2646 308 2706 Adventare
319 2647 422 2719 virum,
436 2650 466 2704 et
478 2648 573 2723 partes
585 2648 682 2721 petere
695 2665 797 2722 agmen
811 2645 923 2705 easdem

117 2724 254 2784 Partibus
267 2746 302 2786 ex
313 2726 412 2797 isdem,
425 2728 455 2784 et
468 2745 580 2784 summa
592 2724 761 2782 dominarier
774 2725 865 2784 arce.”

118 2805 271 2877 Praeterea,
285 2805 370 2864 castis
383 2805 478 2864 adolet
491 2805 560 2862 dum
574 2804 673 2862 altaria
685 2803 778 2875 taedis,

117 2883 163 2942 Ut
172 2883 257 2962 juxta
268 2885 428 2962 genitorem
441 2885 536 2943 adstat
550 2882 670 2941 Lavinia
681 2883 771 2959 virgo,

117 2963 195 3036 Visa,
209 2965 303 3024 nefas!
323 2965 416 3042 longia
429 2963 627 3041 comprendere
641 2961 764 3020 crinibus
776 2961 881 3038 ignem,

116 3044 215 3121 Atque
228 3064 342 3104 omnem
354 3047 488 3103 ornatum
500 3044 615 3101 flamma
628 3041 784 3119 crepitante
798 3041 923 3114 cremari,

116 3123 294 3200 Regalesquc
307 3144 423 3183 accensa
435 3143 538 3194 comas,
551 3142 667 3181 accensa
679 3140 819 3192 coronam,

116 3201 267 3279 Insignem
279 3204 400 3281 gemmis
410 3228 416 3274 ;
436 3206 501 3262 tum
513 3201 621 3260 fumida
633 3201 740 3260 lumine
752 3199 832 3259 fulvo

116 3281 240 3355 Involvi,
253 3303 286 3341 ac
298 3283 370 3342 totis
383 3283 543 3341 Vulcanum
556 3301 686 3359 spargere
698 3281 793 3339 tectis.

116 3360 154 3419 Id
166 3382 234 3421 vero
246 3362 419 3422 horrendum
432 3383 464 3421 ac
477 3362 541 3420 visu
553 3360 681 3419 mirabile
692 3360 775 3419 ferri:
886 3379 893 3391 ³

115 3441 249 3518 Namque
262 3443 321 3501 fore
333 3443 472 3501 illustrem
484 3424 567 3500 famei
572 3440 695 3517 fatisque
708 3440 847 3498 canebant

115 3521 230 3599 Ipsam3
244 3522 294 3580 sed
305 3523 410 3600 populo
422 3541 559 3599 magnum
572 3519 739 3597 portendere
751 3519 866 3578 bellum.

114 3602 157 3660 At
170 3622 220 3660 rex
234 3601 371 3661 sollicitus
383 3601 518 3660 monstris
532 3600 644 3659 oracula
657 3598 758 3670 Fauni,

114 3680 240 3740 Fatidici
252 3681 398 3758 genitoris,
412 3681 480 3753 adit,
493 3681 626 3756 lucosque
640 3679 692 3738 sub
707 3678 767 3737 alta
1087 3726 1101 3757 ,-

115 3759 247 3820 Consulit
259 3761 404 3820 Albunea:
426 3779 573 3837 nemorum
587 3778 651 3835 quae
664 3757 786 3816 maxima
799 3777 878 3816 sacro
909 3763 935 3812 Α
952 3744 980 3807 l«-
987 3798 994 3811 ,
1002 3783 1036 3809 1..
1064 3784 1073 3801 ι
1113 3776 1118 3783 ·
1179 3784 1183 3793 =
1195 3766 1204 3802 ¹

115 3839 209 3900 Fonte
223 3844 314 3914 sonat,
328 3860 486 3918 saevamque
499 3839 612 3898 exhalat
626 3857 712 3916 opaca
723 3836 884 3914 mephitim.
922 3844 925 3850 '

114 3920 194 3980 Hinc
207 3920 293 3980 Italae
306 3923 415 4000 gentes,
429 3919 575 3997 omnisque
589 3916 722 3978 OEnotria
733 3917 827 3990 tellus,
