2506 4298
453 223 632 267 onouuwon
651 225 713 266 IrIB.
727 225 749 266 1.

150 367 204 427 llle
217 367 268 426 ubi
281 369 446 426 nascentem
458 367 575 425 maculis
588 367 739 426 variaverit
752 370 848 426 ortum

150 448 291 507 Conditus
304 447 336 504 in
347 448 462 519 nubem,
475 446 624 523 medioque
636 448 773 524 refugerit
787 448 869 506 orbe:

150 528 280 605 Suspecti
294 526 349 585 tibi
362 527 420 585 sint
433 526 537 585 imbres
548 551 554 598 余
573 546 696 604 namque
709 530 793 604 urget
806 529 842 585 ab
855 528 914 586 alto

150 608 363 683 Arboribusque
376 607 501 683 satisque
513 610 599 664 notus
612 607 760 684 pecorique
774 606 895 666 sinister.

151 689 212 745 Aut
224 687 275 745 ubi
289 686 342 744 sub
354 686 448 744 lucem
461 687 548 745 densa
559 686 634 744 inter
647 687 746 744 nubila
758 707 818 745 sese

149 767 265 825 Diversi
277 770 412 844 rumpent
424 766 505 837 radii,
519 769 570 823 aut
583 767 633 824 nbi
645 767 750 844 pallida
763 770 862 844 surget

150 846 272 904 Tithoni
285 866 415 904 croceum
427 845 558 922 linquens
571 847 683 904 Aurora
695 847 802 918 eubile余

150 927 228 998 Heu,
242 926 394 984 maletum
406 926 491 983 mites
505 925 637 984 defendet
649 926 800 1003 pampinus
813 946 899 984 uvas:

149 1006 224 1064 Tam
237 1006 330 1063 multa
342 1006 373 1062 in
386 1006 472 1063 tectis
486 1005 626 1083 crepitans
641 1006 706 1062 salit
719 1006 834 1063 horrida
847 1005 965 1083 grando.

149 1086 217 1144 Hoc
231 1085 327 1157 etiam,
341 1105 455 1144 emenso
468 1104 557 1161 quum
565 1085 627 1162 jam
640 1085 756 1143 decedet
771 1085 903 1162 Olympo,

150 1165 296 1223 Profirerit
308 1165 469 1222 meminisse
481 1164 588 1240 magis:
609 1184 676 1221 nam
690 1185 766 1242 saepe
778 1167 906 1224 videmus

151 1245 247 1321 Ipsius
260 1244 291 1300 in
303 1244 388 1302 vultu
401 1244 492 1301 varios
505 1263 596 1301 errare
610 1244 731 1315 colores3

151 1324 297 1382 Caeruleus
309 1323 435 1401 pluviam
448 1323 607 1393 denuntiat,
620 1323 721 1400 igneus
734 1344 824 1381 euros

150 1404 202 1461 Sin
215 1403 335 1461 maculae
348 1403 484 1480 incipient
497 1402 584 1460 rutilo
597 1403 780 1461 immiscerier
791 1404 861 1481 igni,

150 1482 256 1540 Omnia
267 1486 338 1540 tunc
351 1482 458 1560 pariter
469 1486 556 1540 vento
570 1482 730 1559 nimbisque
742 1483 851 1541 videbis

149 1563 289 1621 Fervere:
310 1583 368 1620 non
380 1562 430 1619 illa
442 1562 591 1639 quisquam
604 1582 650 1620 me
663 1567 748 1621 nocte
761 1583 811 1640 per
824 1564 916 1620 altum

149 1642 207 1714 Ire,
220 1662 312 1719 neque
325 1662 342 1699 a
354 1645 431 1700 terra
441 1645 557 1700 moneat
570 1643 725 1700 convellere
737 1642 843 1700 funem.

149 1722 193 1780 At
207 1723 240 1792 si,
254 1741 343 1799 quum
355 1721 512 1798 reseretque
526 1721 600 1779 diem
614 1722 772 1799 condetque
786 1722 917 1792 relatum,

149 1802 277 1860 Lucidus
291 1801 367 1859 orbis
380 1801 451 1873 erit余
471 1801 577 1859 frustra
589 1801 730 1860 terrebere
743 1802 857 1874 nimbis,

149 1881 193 1938 Et
206 1881 283 1939 claro
297 1881 381 1938 silvas
395 1901 490 1939 cernes
503 1880 633 1958 aquilone
646 1881 761 1939 moveri.

153 1961 292 2038 Denique,
306 1961 375 2038 quid
387 1981 486 2037 vesper
499 1980 577 2018 serus
589 1960 685 2032 vehat,
698 1961 774 2018 unde
787 1981 898 2019 serenas

151 2041 265 2099 Ventus
279 2044 348 2117 agat
362 2040 460 2111 nubes,
474 2040 542 2117 quid
555 2040 664 2117 cogitet
677 2041 811 2098 humidus
825 2044 928 2111 auster,

150 2120 202 2179 Sol
214 2121 271 2179 tibi
284 2121 366 2197 signa
378 2120 467 2177 dabit.
508 2119 602 2178 Solem
616 2120 678 2196 quis
692 2120 782 2178 dicere
796 2120 899 2178 falsum

149 2199 291 2259 Audeat?
311 2201 358 2258 ille
371 2199 459 2258 etiarn
472 2219 561 2257 caecos
574 2199 681 2258 instare
693 2200 836 2257 tumultus

150 2280 233 2357 Saepe
247 2283 354 2351 monet,
367 2279 550 2355 fraudemque
563 2282 593 2337 et
607 2282 706 2356 operta
717 2282 874 2338 tumescere
886 2279 968 2338 bella.

150 2360 205 2418 Ille
219 2359 308 2418 etiam
321 2359 462 2417 exstincto
475 2359 625 2417 miseratus
639 2358 749 2416 Oaesare
762 2358 902 2417 Romam:

151 2439 248 2510 Quum
262 2443 348 2516 caput
362 2440 481 2496 obscura
492 2438 617 2496 nitidum
631 2438 773 2515 ferrugine
785 2439 869 2509 texit,

151 2519 301 2597 impiaque
315 2521 451 2576 aeternam
464 2517 624 2576 timuerrmt
637 2519 741 2576 saecula
752 2522 875 2576 noctem.

151 2599 292 2675 Tempore
306 2618 477 2675 quamquam
489 2597 538 2655 illo
551 2597 636 2655 tellus
650 2617 769 2674 qnoque,
783 2601 813 2656 et
826 2618 940 2675 aequora
951 2595 1042 2675 ponti,

151 2677 328 2754 Obscenique
342 2697 433 2747 nanee,
446 2677 672 2754 importunaeque
685 2679 812 2735 volucres

151 2758 241 2835 Signa
254 2758 369 2816 dabant.
410 2756 527 2828 Quoties
541 2755 699 2833 Cyclopum
711 2758 843 2815 effervere
856 2757 888 2815 in
901 2777 983 2834 agros

150 2838 284 2896 Vidimus
296 2837 454 2894 undantem
466 2835 558 2912 ruptis
572 2835 731 2895 fornacibus
744 2837 873 2909 AEtnm,

150 2917 401 2993 Flammarumque
414 2915 514 2992 globos
525 2915 731 2992 liquefactaque
743 2916 856 2974 volvere
870 2916 951 2974 sexa!

150 2997 308 3055 Armorum
321 2996 447 3054 sonitum
460 2997 524 3053 toto
538 2995 691 3053 Germania
703 2997 774 3054 coelo

150 3076 271 3148 Audiit3
290 3074 413 3133 insolitis
425 3078 605 3133 tremuenmt
616 3075 743 3133 motibus
756 3075 852 3151 Alpes.

150 3156 216 3214 Vox
229 3149 341 3234 quoque
353 3175 403 3232 per
415 3153 494 3212 lucos
506 3154 593 3232 vulgo
606 3154 739 3213 exaudita
751 3155 866 3213 silentes

151 3235 277 3313 Ingens3
297 3238 327 3293 et
340 3234 490 3292 simulacra
501 3234 593 3291 modis
606 3234 741 3312 pallentia
754 3234 832 3291 miris

150 3314 222 3373 Visa
234 3314 288 3373 sub
301 3314 452 3372 obscurum
465 3313 573 3386 noctis余
593 3314 767 3391 pecudesque
780 3313 900 3384 locutae3

151 3393 326 3452 Infandum!
346 3393 454 3451 sistimt
467 3413 572 3463 amnes,
585 3396 724 3470 terraeqne
738 3393 897 3464 dehiscunt,

151 3474 194 3532 Et
208 3476 344 3532 maestnm
355 3472 506 3531 illacrimat
519 3473 634 3550 templis
648 3475 725 3544 ebur,
739 3493 848 3550 aeraque
863 3472 977 3530 sudant.

153 3552 267 3612 Proluit
279 3553 379 3610 insano
392 3555 581 3629 contorquens
593 3552 699 3610 vertice
712 3553 796 3610 silves

152 3633 323 3692 Fluviorum
334 3652 384 3690 rex
396 3632 547 3703 Eridanus,
561 3652 729 3708 camposque
741 3651 791 3708 per
804 3652 901 3690 omnes

153 3713 227 3772 Cum
240 3711 360 3772 stabulis
374 3714 503 3770 armenta
515 3711 594 3769 tulit.
634 3711 697 3770 Nec
710 3714 838 3788 tempore
851 3711 950 3769 eodem

153 3792 297 3852 Tristibus
311 3795 361 3851 aut
374 3791 448 3850 extis
460 3791 540 3849 fibra
553 3810 685 3868 apparere
698 3791 829 3861 minaces,

152 3873 216 3932 Ant
227 3871 323 3951 puteis
336 3890 450 3929 manare
463 3890 546 3928 eruor
559 3871 695 3942 cessavit3
715 3873 746 3929 et
759 3870 826 3928 altae

153 3952 210 4013 Per
221 3954 339 4012 noctem
350 3969 479 4010 resonare
492 3949 567 4027 lupis
580 3949 756 4010 ululantibus
769 3949 863 4010 urbes.
