<?xml version="1.0" encoding="UTF-8"?>
<!DOCTYPE html PUBLIC "-//W3C//DTD XHTML 1.0 Transitional//EN"
    "http://www.w3.org/TR/xhtml1/DTD/xhtml1-transitional.dtd">
<html xmlns="http://www.w3.org/1999/xhtml" xml:lang="en" lang="en">
 <head>
  <title>
</title>
<meta http-equiv="Content-Type" content="text/html;charset=utf-8" />
  <meta name='ocr-system' content='tesseract 3.04.00' />
  <meta name='ocr-capabilities' content='ocr_page ocr_carea ocr_par ocr_line ocrx_word'/>
</head>
<body>
  <div class='ocr_page' id='page_1' title='image "./workspubliusvir00thomgoog_0201.png"; bbox 0 0 2506 4298; ppageno 0'>
   <div class='ocr_carea' id='block_1_1' title="bbox 171 232 812 292">
    <p class='ocr_par' dir='ltr' id='par_1_1' title="bbox 171 232 812 292">
     <span class='ocr_line' id='line_1_1' title="bbox 171 232 812 292; baseline 0 -1"><span class='ocrx_word' id='word_1_1' title='bbox 171 232 230 291; x_wconf 85' lang='grc'>166</span> <span class='ocrx_word' id='word_1_2' title='bbox 475 249 502 291; x_wconf 76' lang='lat' dir='ltr'>a.</span> <span class='ocrx_word' id='word_1_3' title='bbox 516 247 656 291; x_wconf 77' lang='lat' dir='ltr'>mamm</span> <span class='ocrx_word' id='word_1_4' title='bbox 670 248 812 292; x_wconf 79' lang='lat' dir='ltr'>uanoms</span> 
     </span>
    </p>
   </div>
   <div class='ocr_carea' id='block_1_2' title="bbox 16 388 1164 4055">
    <p class='ocr_par' dir='ltr' id='par_1_2' title="bbox 16 388 1164 4055">
     <span class='ocr_line' id='line_1_2' title="bbox 171 388 880 468; baseline 0.004 -21"><span class='ocrx_word' id='word_1_5' title='bbox 171 388 318 449; x_wconf 88' lang='lat' dir='ltr'>Verrimus</span> <span class='ocrx_word' id='word_1_6' title='bbox 332 393 362 448; x_wconf 87' lang='lat' dir='ltr'>et</span> <span class='ocrx_word' id='word_1_7' title='bbox 374 389 458 468; x_wconf 92' lang='lat' dir='ltr'>proni</span> <span class='ocrx_word' id='word_1_8' title='bbox 471 390 646 450; x_wconf 74' lang='lat' dir='ltr'><strong>certantibus</strong></span> <span class='ocrx_word' id='word_1_9' title='bbox 660 410 774 467; x_wconf 85' lang='lat' dir='ltr'>aequora</span> <span class='ocrx_word' id='word_1_10' title='bbox 787 390 880 450; x_wconf 87' lang='lat' dir='ltr'>remis.</span> 
     </span>
     <span class='ocr_line' id='line_1_3' title="bbox 171 469 842 548; baseline 0.004 -21"><span class='ocrx_word' id='word_1_11' title='bbox 171 469 275 541; x_wconf 84' lang='lat' dir='ltr'>Sensit,</span> <span class='ocrx_word' id='word_1_12' title='bbox 289 473 319 528; x_wconf 90' lang='lat' dir='ltr'>et</span> <span class='ocrx_word' id='word_1_13' title='bbox 333 470 370 528; x_wconf 91' lang='lat' dir='ltr'>ad</span> <span class='ocrx_word' id='word_1_14' title='bbox 382 471 510 528; x_wconf 92' lang='lat' dir='ltr'>sonitum</span> <span class='ocrx_word' id='word_1_15' title='bbox 522 471 599 530; x_wconf 88' lang='lat' dir='ltr'>vocis</span> <span class='ocrx_word' id='word_1_16' title='bbox 612 471 735 548; x_wconf 83' lang='lat' dir='ltr'>vestigia</span> <span class='ocrx_word' id='word_1_17' title='bbox 746 472 842 530; x_wconf 90' lang='lat' dir='ltr'>torsit.</span> 
     </span>
     <span class='ocr_line' id='line_1_4' title="bbox 170 548 933 629; baseline 0.005 -23"><span class='ocrx_word' id='word_1_18' title='bbox 170 548 278 607; x_wconf 88' lang='lat' dir='ltr'>Verum</span> <span class='ocrx_word' id='word_1_19' title='bbox 291 549 342 607; x_wconf 92' lang='lat' dir='ltr'>ubi</span> <span class='ocrx_word' id='word_1_20' title='bbox 353 549 433 608; x_wconf 90' lang='lat' dir='ltr'>nulla</span> <span class='ocrx_word' id='word_1_21' title='bbox 445 550 530 608; x_wconf 86' lang='lat' dir='ltr'>datur</span> <span class='ocrx_word' id='word_1_22' title='bbox 542 550 643 608; x_wconf 84' lang='lat' dir='ltr'>dextra</span> <span class='ocrx_word' id='word_1_23' title='bbox 655 551 786 609; x_wconf 83' lang='lat' dir='ltr'>affectare</span> <span class='ocrx_word' id='word_1_24' title='bbox 798 553 933 629; x_wconf 87' lang='lat' dir='ltr'>potestas,</span> 
     </span>
     <span class='ocr_line' id='line_1_5' title="bbox 170 628 840 707; baseline 0.004 -22"><span class='ocrx_word' id='word_1_25' title='bbox 170 628 234 687; x_wconf 89' lang='lat' dir='ltr'>Nec</span> <span class='ocrx_word' id='word_1_26' title='bbox 247 629 324 706; x_wconf 91' lang='lat' dir='ltr'>potis</span> <span class='ocrx_word' id='word_1_27' title='bbox 338 628 435 688; x_wconf 85' lang='lat' dir='ltr'>Ionios</span> <span class='ocrx_word' id='word_1_28' title='bbox 448 629 552 687; x_wconf 87' lang='lat' dir='ltr'>fluctus</span> <span class='ocrx_word' id='word_1_29' title='bbox 566 649 676 707; x_wconf 84' lang='lat' dir='ltr'>aequare</span> <span class='ocrx_word' id='word_1_30' title='bbox 690 630 840 706; x_wconf 88' lang='lat' dir='ltr'>sequendo,</span> 
     </span>
     <span class='ocr_line' id='line_1_6' title="bbox 172 707 976 786; baseline 0.005 -21"><span class='ocrx_word' id='word_1_31' title='bbox 172 707 333 766; x_wconf 89' lang='lat' dir='ltr'>Clamorem</span> <span class='ocrx_word' id='word_1_32' title='bbox 345 709 517 767; x_wconf 90' lang='lat' dir='ltr'>immensum</span> <span class='ocrx_word' id='word_1_33' title='bbox 531 709 626 781; x_wconf 91' lang='lat' dir='ltr'>tollit;</span> <span class='ocrx_word' id='word_1_34' title='bbox 647 729 703 786; x_wconf 91' lang='lat' dir='ltr'>quo</span> <span class='ocrx_word' id='word_1_35' title='bbox 716 712 822 786; x_wconf 87' lang='lat' dir='ltr'>pontus</span> <span class='ocrx_word' id='word_1_36' title='bbox 835 712 865 768; x_wconf 88' lang='lat' dir='ltr'>et</span> <span class='ocrx_word' id='word_1_37' title='bbox 879 729 976 769; x_wconf 86' lang='lat' dir='ltr'>omncs</span> 
     </span>
     <span class='ocr_line' id='line_1_7' title="bbox 171 786 884 865; baseline 0.004 -21"><span class='ocrx_word' id='word_1_38' title='bbox 171 786 350 846; x_wconf 77' lang='lat' dir='ltr'>Intremuere</span> <span class='ocrx_word' id='word_1_39' title='bbox 363 788 455 859; x_wconf 83' lang='lat' dir='ltr'>undae,</span> <span class='ocrx_word' id='word_1_40' title='bbox 468 788 638 865; x_wconf 87' lang='lat' dir='ltr'>penitusque</span> <span class='ocrx_word' id='word_1_41' title='bbox 651 789 787 847; x_wconf 86' lang='lat' dir='ltr'>exterrita</span> <span class='ocrx_word' id='word_1_42' title='bbox 799 790 884 847; x_wconf 89' lang='lat' dir='ltr'>tellus</span> 
     </span>
     <span class='ocr_line' id='line_1_8' title="bbox 171 865 848 945; baseline 0.004 -21"><span class='ocrx_word' id='word_1_43' title='bbox 171 865 275 938; x_wconf 71' lang='lat' dir='ltr'>Italiae,</span> <span class='ocrx_word' id='word_1_44' title='bbox 289 867 437 943; x_wconf 84' lang='lat' dir='ltr'>curvisque</span> <span class='ocrx_word' id='word_1_45' title='bbox 450 868 596 945; x_wconf 87' lang='lat' dir='ltr'>immugiit</span> <span class='ocrx_word' id='word_1_46' title='bbox 609 868 700 926; x_wconf 81' lang='lat' dir='ltr'>AEtna</span> <span class='ocrx_word' id='word_1_47' title='bbox 713 869 848 927; x_wconf 86' lang='lat' dir='ltr'>cavernis.</span> 
     </span>
     <span class='ocr_line' id='line_1_9' title="bbox 170 946 889 1038; baseline 0.004 -35"><span class='ocrx_word' id='word_1_48' title='bbox 170 948 214 1004; x_wconf 91' lang='lat' dir='ltr'>At</span> <span class='ocrx_word' id='word_1_49' title='bbox 227 966 317 1038; x_wconf 83' lang='lat' dir='ltr'>genus</span> <span class='ocrx_word' id='word_1_50' title='bbox 330 967 346 1005; x_wconf 90' lang='lat' dir='ltr'>e</span> <span class='ocrx_word' id='word_1_51' title='bbox 359 947 437 1004; x_wconf 90' lang='lat' dir='ltr'>silvis</span> <span class='ocrx_word' id='word_1_52' title='bbox 451 946 608 1024; x_wconf 90' lang='lat' dir='ltr'>Cyclopum</span> <span class='ocrx_word' id='word_1_53' title='bbox 622 949 651 1005; x_wconf 92' lang='lat' dir='ltr'>et</span> <span class='ocrx_word' id='word_1_54' title='bbox 665 947 810 1006; x_wconf 89' lang='lat' dir='ltr'>montibus</span> <span class='ocrx_word' id='word_1_55' title='bbox 823 948 889 1006; x_wconf 89' lang='lat' dir='ltr'>altis</span> 
     </span>
     <span class='ocr_line' id='line_1_10' title="bbox 172 1025 861 1104; baseline 0.003 -21"><span class='ocrx_word' id='word_1_56' title='bbox 172 1025 309 1084; x_wconf 84' lang='lat' dir='ltr'>Exo1tum</span> <span class='ocrx_word' id='word_1_57' title='bbox 322 1027 382 1084; x_wconf 89' lang='lat' dir='ltr'>ruit</span> <span class='ocrx_word' id='word_1_58' title='bbox 395 1027 432 1084; x_wconf 90' lang='lat' dir='ltr'>ad</span> <span class='ocrx_word' id='word_1_59' title='bbox 444 1030 553 1104; x_wconf 88' lang='lat' dir='ltr'>portus,</span> <span class='ocrx_word' id='word_1_60' title='bbox 567 1029 597 1084; x_wconf 92' lang='lat' dir='ltr'>et</span> <span class='ocrx_word' id='word_1_61' title='bbox 609 1026 695 1085; x_wconf 92' lang='lat' dir='ltr'>litora</span> <span class='ocrx_word' id='word_1_62' title='bbox 707 1027 861 1104; x_wconf 89' lang='lat' dir='ltr'>complent.</span> 
     </span>
     <span class='ocr_line' id='line_1_11' title="bbox 172 1104 1021 1187; baseline 0.006 -24"><span class='ocrx_word' id='word_1_63' title='bbox 172 1104 321 1163; x_wconf 76' lang='lat' dir='ltr'>Cernimus</span> <span class='ocrx_word' id='word_1_64' title='bbox 336 1106 481 1164; x_wconf 87' lang='lat' dir='ltr'>adstantes</span> <span class='ocrx_word' id='word_1_65' title='bbox 495 1106 686 1183; x_wconf 81' lang='lat' dir='ltr'>nequidquam</span> <span class='ocrx_word' id='word_1_66' title='bbox 698 1106 805 1166; x_wconf 91' lang='lat' dir='ltr'>lumine</span> <span class='ocrx_word' id='word_1_67' title='bbox 818 1111 902 1187; x_wconf 68' lang='lat' dir='ltr'>torvo</span> <span class='ocrx_word' id='word_1_68' title='bbox 921 1124 1021 1187; x_wconf 58' lang='lat' dir='ltr'>fta»</span> 
     </span>
     <span class='ocr_line' id='line_1_12' title="bbox 63 1185 834 1263; baseline -0.001 -18"><span class='ocrx_word' id='word_1_69' title='bbox 63 1238 67 1245; x_wconf 84' lang='grc'><em>.</em></span> <span class='ocrx_word' id='word_1_70' title='bbox 172 1185 301 1243; x_wconf 82' lang='lat' dir='ltr'>AEtnaeos</span> <span class='ocrx_word' id='word_1_71' title='bbox 314 1185 424 1256; x_wconf 75' lang='lat' dir='ltr'>iratres,</span> <span class='ocrx_word' id='word_1_72' title='bbox 438 1185 509 1245; x_wconf 85' lang='lat' dir='ltr'>coelo</span> <span class='ocrx_word' id='word_1_73' title='bbox 523 1186 617 1263; x_wconf 88' lang='lat' dir='ltr'>capita</span> <span class='ocrx_word' id='word_1_74' title='bbox 633 1185 691 1244; x_wconf 87' lang='lat' dir='ltr'>alta</span> <span class='ocrx_word' id='word_1_75' title='bbox 703 1186 834 1258; x_wconf 88' lang='lat' dir='ltr'>ferentes,</span> 
     </span>
     <span class='ocr_line' id='line_1_13' title="bbox 172 1264 960 1342; baseline 0.005 -20"><span class='ocrx_word' id='word_1_76' title='bbox 172 1264 332 1323; x_wconf 89' lang='lat' dir='ltr'>Concilium</span> <span class='ocrx_word' id='word_1_77' title='bbox 344 1265 534 1324; x_wconf 87' lang='lat' dir='ltr'>horrendum:</span> <span class='ocrx_word' id='word_1_78' title='bbox 556 1265 651 1341; x_wconf 86' lang='lat' dir='ltr'>quales</span> <span class='ocrx_word' id='word_1_79' title='bbox 665 1285 753 1342; x_wconf 91' lang='lat' dir='ltr'>quum</span> <span class='ocrx_word' id='word_1_80' title='bbox 765 1265 872 1325; x_wconf 86' lang='lat' dir='ltr'>vertice</span> <span class='ocrx_word' id='word_1_81' title='bbox 886 1265 960 1326; x_wconf 86' lang='lat' dir='ltr'>celso</span> 
     </span>
     <span class='ocr_line' id='line_1_14' title="bbox 172 1343 764 1422; baseline 0.003 -22"><span class='ocrx_word' id='word_1_82' title='bbox 172 1343 266 1401; x_wconf 79' lang='lat' dir='ltr'>Aerias</span> <span class='ocrx_word' id='word_1_83' title='bbox 279 1364 406 1420; x_wconf 87' lang='lat' dir='ltr'>quercus,</span> <span class='ocrx_word' id='word_1_84' title='bbox 420 1347 470 1402; x_wconf 90' lang='lat' dir='ltr'>aut</span> <span class='ocrx_word' id='word_1_85' title='bbox 484 1344 614 1403; x_wconf 86' lang='lat' dir='ltr'>coniferae</span> <span class='ocrx_word' id='word_1_86' title='bbox 627 1345 764 1422; x_wconf 78' lang='lat' dir='ltr'>cyparissi</span> 
     </span>
     <span class='ocr_line' id='line_1_15' title="bbox 173 1422 898 1496; baseline 0.001 -15"><span class='ocrx_word' id='word_1_87' title='bbox 173 1422 382 1494; x_wconf 85' lang='lat' dir='ltr'>Constiterant,</span> <span class='ocrx_word' id='word_1_88' title='bbox 396 1424 467 1483; x_wconf 85' lang='lat' dir='ltr'>silva</span> <span class='ocrx_word' id='word_1_89' title='bbox 480 1425 538 1482; x_wconf 88' lang='lat' dir='ltr'>alta</span> <span class='ocrx_word' id='word_1_90' title='bbox 551 1424 571 1481; x_wconf 85' lang='lat' dir='ltr'><strong>J</strong></span> <span class='ocrx_word' id='word_1_91' title='bbox 574 1424 643 1496; x_wconf 88' lang='lat' dir='ltr'>ovis,</span> <span class='ocrx_word' id='word_1_92' title='bbox 656 1425 772 1483; x_wconf 85' lang='lat' dir='ltr'>lucusve</span> <span class='ocrx_word' id='word_1_93' title='bbox 786 1425 898 1483; x_wconf 85' lang='lat' dir='ltr'>Dianae.</span> 
     </span>
     <span class='ocr_line' id='line_1_16' title="bbox 172 1503 933 1581; baseline 0.003 -20"><span class='ocrx_word' id='word_1_94' title='bbox 172 1503 337 1580; x_wconf 77' lang='lat' dir='ltr'>Pracipites</span> <span class='ocrx_word' id='word_1_95' title='bbox 350 1507 444 1562; x_wconf 89' lang='lat' dir='ltr'>metus</span> <span class='ocrx_word' id='word_1_96' title='bbox 458 1523 521 1562; x_wconf 89' lang='lat' dir='ltr'>acer</span> <span class='ocrx_word' id='word_1_97' title='bbox 534 1504 595 1581; x_wconf 86' lang='lat' dir='ltr'>agit</span> <span class='ocrx_word' id='word_1_98' title='bbox 609 1524 786 1581; x_wconf 89' lang='lat' dir='ltr'>quocumque</span> <span class='ocrx_word' id='word_1_99' title='bbox 798 1504 933 1563; x_wconf 88' lang='lat' dir='ltr'>rudentes</span> 
     </span>
     <span class='ocr_line' id='line_1_17' title="bbox 172 1583 859 1654; baseline 0.003 -14"><span class='ocrx_word' id='word_1_100' title='bbox 172 1583 324 1654; x_wconf 76' lang='lat' dir='ltr'>Excutere,</span> <span class='ocrx_word' id='word_1_101' title='bbox 338 1586 368 1642; x_wconf 90' lang='lat' dir='ltr'>et</span> <span class='ocrx_word' id='word_1_102' title='bbox 381 1583 475 1641; x_wconf 88' lang='lat' dir='ltr'>ventis</span> <span class='ocrx_word' id='word_1_103' title='bbox 488 1583 633 1641; x_wconf 86' lang='lat' dir='ltr'>intendere</span> <span class='ocrx_word' id='word_1_104' title='bbox 646 1584 708 1641; x_wconf 88' lang='lat' dir='ltr'>vela</span> <span class='ocrx_word' id='word_1_105' title='bbox 721 1583 859 1642; x_wconf 90' lang='lat' dir='ltr'>secundis.</span> 
     </span>
     <span class='ocr_line' id='line_1_18' title="bbox 175 1661 1075 1742; baseline 0.001 -22"><span class='ocrx_word' id='word_1_106' title='bbox 175 1661 298 1739; x_wconf 86' lang='lat' dir='ltr'>[Contra</span> <span class='ocrx_word' id='word_1_107' title='bbox 306 1663 387 1740; x_wconf 87' lang='lat' dir='ltr'>jussa</span> <span class='ocrx_word' id='word_1_108' title='bbox 399 1666 517 1721; x_wconf 90' lang='lat' dir='ltr'>monent</span> <span class='ocrx_word' id='word_1_109' title='bbox 531 1663 645 1734; x_wconf 85' lang='lat' dir='ltr'>Heleni,</span> <span class='ocrx_word' id='word_1_110' title='bbox 660 1663 784 1740; x_wconf 84' lang='lat' dir='ltr'>Scyllam</span> <span class='ocrx_word' id='word_1_111' title='bbox 798 1667 883 1740; x_wconf 88' lang='lat' dir='ltr'>atque</span> <span class='ocrx_word' id='word_1_112' title='bbox 897 1663 1075 1742; x_wconf 80' lang='lat' dir='ltr'>Charybdim</span> 
     </span>
     <span class='ocr_line' id='line_1_19' title="bbox 172 1742 1153 1819; baseline -0.002 -20"><span class='ocrx_word' id='word_1_113' title='bbox 172 1742 256 1800; x_wconf 88' lang='lat' dir='ltr'>Inter</span> <span class='ocrx_word' id='word_1_114' title='bbox 269 1745 419 1819; x_wconf 86' lang='lat' dir='ltr'>utramque</span> <span class='ocrx_word' id='word_1_115' title='bbox 432 1743 517 1814; x_wconf 87' lang='lat' dir='ltr'>viam,</span> <span class='ocrx_word' id='word_1_116' title='bbox 530 1742 582 1800; x_wconf 91' lang='lat' dir='ltr'>leti</span> <span class='ocrx_word' id='word_1_117' title='bbox 595 1742 755 1801; x_wconf 80' lang='lat' dir='ltr'>discrimine</span> <span class='ocrx_word' id='word_1_118' title='bbox 767 1763 864 1819; x_wconf 89' lang='lat' dir='ltr'>parvo,</span> <span class='ocrx_word' id='word_1_119' title='bbox 995 1810 998 1819; x_wconf 31' lang='grc' dir='ltr'>Ι</span> <span class='ocrx_word' id='word_1_120' title='bbox 1148 1790 1153 1797; x_wconf 91' lang='grc'><em>.</em></span> 
     </span>
     <span class='ocr_line' id='line_1_20' title="bbox 172 1819 1133 1900; baseline 0.004 -21"><span class='ocrx_word' id='word_1_121' title='bbox 172 1822 215 1879; x_wconf 90' lang='lat' dir='ltr'>Ni</span> <span class='ocrx_word' id='word_1_122' title='bbox 227 1824 345 1880; x_wconf 87' lang='lat' dir='ltr'>teneant</span> <span class='ocrx_word' id='word_1_123' title='bbox 359 1843 473 1895; x_wconf 80' lang='lat' dir='ltr'>cursus3</span> <span class='ocrx_word' id='word_1_124' title='bbox 494 1826 604 1881; x_wconf 90' lang='lat' dir='ltr'>certum</span> <span class='ocrx_word' id='word_1_125' title='bbox 619 1825 664 1880; x_wconf 89' lang='lat' dir='ltr'>est</span> <span class='ocrx_word' id='word_1_126' title='bbox 678 1822 744 1880; x_wconf 89' lang='lat' dir='ltr'>darc</span> <span class='ocrx_word' id='word_1_127' title='bbox 756 1823 846 1881; x_wconf 88' lang='lat' dir='ltr'>lintea</span> <span class='ocrx_word' id='word_1_128' title='bbox 858 1821 960 1900; x_wconf 83' lang='lat' dir='ltr'>retro]</span> <span class='ocrx_word' id='word_1_129' title='bbox 1023 1820 1108 1895; x_wconf 62' lang='lat' dir='ltr'>f</span> <span class='ocrx_word' id='word_1_130' title='bbox 1124 1819 1133 1840; x_wconf 81' lang='lat'><strong><em>‘</em></strong></span> 
     </span>
     <span class='ocr_line' id='line_1_21' title="bbox 173 1891 1164 1979; baseline 0.002 -20"><span class='ocrx_word' id='word_1_131' title='bbox 173 1902 248 1960; x_wconf 87' lang='lat' dir='ltr'>Ecce</span> <span class='ocrx_word' id='word_1_132' title='bbox 262 1905 359 1961; x_wconf 91' lang='lat' dir='ltr'>autem</span> <span class='ocrx_word' id='word_1_133' title='bbox 372 1902 479 1960; x_wconf 88' lang='lat' dir='ltr'>Boreas</span> <span class='ocrx_word' id='word_1_134' title='bbox 492 1905 615 1979; x_wconf 90' lang='lat' dir='ltr'>angusta</span> <span class='ocrx_word' id='word_1_135' title='bbox 628 1902 664 1960; x_wconf 89' lang='lat' dir='ltr'>ab</span> <span class='ocrx_word' id='word_1_136' title='bbox 678 1902 742 1960; x_wconf 86' lang='lat' dir='ltr'>sede</span> <span class='ocrx_word' id='word_1_137' title='bbox 756 1901 852 1960; x_wconf 93' lang='lat' dir='ltr'>Pelori</span> <span class='ocrx_word' id='word_1_138' title='bbox 983 1900 997 1937; x_wconf 52' lang='grc' dir='ltr'><em>ἲ</em></span> <span class='ocrx_word' id='word_1_139' title='bbox 1021 1920 1036 1939; x_wconf 66' lang='lat'><em>⁰</em></span> <span class='ocrx_word' id='word_1_140' title='bbox 1044 1904 1094 1934; x_wconf 44' lang='lat'>*⁴³⁴</span> <span class='ocrx_word' id='word_1_141' title='bbox 1136 1891 1164 1923; x_wconf 44' lang='lat' dir='ltr'>a,</span> 
     </span>
     <span class='ocr_line' id='line_1_22' title="bbox 172 1981 1162 2058; baseline 0.002 -19"><span class='ocrx_word' id='word_1_142' title='bbox 172 1981 281 2039; x_wconf 86' lang='lat' dir='ltr'>Missus</span> <span class='ocrx_word' id='word_1_143' title='bbox 295 1982 383 2039; x_wconf 88' lang='lat' dir='ltr'>adest.</span> <span class='ocrx_word' id='word_1_144' title='bbox 424 1982 498 2039; x_wconf 86' lang='lat' dir='ltr'>Vivo</span> <span class='ocrx_word' id='word_1_145' title='bbox 511 1981 702 2058; x_wconf 89' lang='lat' dir='ltr'>praetervehor</span> <span class='ocrx_word' id='word_1_146' title='bbox 715 1982 789 2040; x_wconf 90' lang='lat' dir='ltr'>ostia</span> <span class='ocrx_word' id='word_1_147' title='bbox 801 2001 869 2040; x_wconf 87' lang='lat' dir='ltr'>saxo</span> <span class='ocrx_word' id='word_1_148' title='bbox 1157 2042 1162 2058; x_wconf 44' lang='lat'><strong>¹</strong></span> 
     </span>
     <span class='ocr_line' id='line_1_23' title="bbox 173 2052 1164 2173; baseline 0.003 -56"><span class='ocrx_word' id='word_1_149' title='bbox 173 2061 330 2138; x_wconf 73' lang='lat' dir='ltr'>Pantagiae,</span> <span class='ocrx_word' id='word_1_150' title='bbox 344 2061 533 2138; x_wconf 83' lang='lat' dir='ltr'>Megarosque</span> <span class='ocrx_word' id='word_1_151' title='bbox 547 2062 633 2133; x_wconf 87' lang='lat' dir='ltr'>sinus,</span> <span class='ocrx_word' id='word_1_152' title='bbox 648 2061 850 2138; x_wconf 84' lang='lat' dir='ltr'>Thapsumque</span> <span class='ocrx_word' id='word_1_153' title='bbox 858 2061 1013 2149; x_wconf 75' lang='lat' dir='ltr'>jacentem.</span> <span class='ocrx_word' id='word_1_154' title='bbox 1026 2052 1089 2126; x_wconf 66' lang='lat' dir='ltr'>lm</span> <span class='ocrx_word' id='word_1_155' title='bbox 1106 2053 1164 2173; x_wconf 55' lang='lat'>[74-</span> 
     </span>
     <span class='ocr_line' id='line_1_24' title="bbox 173 2139 861 2218; baseline 0 -20"><span class='ocrx_word' id='word_1_156' title='bbox 173 2139 255 2198; x_wconf 84' lang='lat' dir='ltr'>Talia</span> <span class='ocrx_word' id='word_1_157' title='bbox 267 2142 446 2199; x_wconf 88' lang='lat' dir='ltr'>monstrabat</span> <span class='ocrx_word' id='word_1_158' title='bbox 459 2141 585 2218; x_wconf 89' lang='lat' dir='ltr'>relegens</span> <span class='ocrx_word' id='word_1_159' title='bbox 599 2144 692 2199; x_wconf 86' lang='lat' dir='ltr'>errata</span> <span class='ocrx_word' id='word_1_160' title='bbox 704 2144 861 2198; x_wconf 89' lang='lat' dir='ltr'>retrorsum</span> 
     </span>
     <span class='ocr_line' id='line_1_25' title="bbox 172 2219 843 2291; baseline 0 -14"><span class='ocrx_word' id='word_1_161' title='bbox 172 2220 274 2277; x_wconf 85' lang='lat' dir='ltr'>Litora</span> <span class='ocrx_word' id='word_1_162' title='bbox 286 2219 501 2291; x_wconf 87' lang='lat' dir='ltr'>Achemenides,</span> <span class='ocrx_word' id='word_1_163' title='bbox 516 2240 609 2278; x_wconf 91' lang='lat' dir='ltr'>comes</span> <span class='ocrx_word' id='word_1_164' title='bbox 622 2219 741 2279; x_wconf 81' lang='lat' dir='ltr'>infelicis</span> <span class='ocrx_word' id='word_1_165' title='bbox 755 2220 843 2278; x_wconf 82' lang='lat' dir='ltr'>Ulixi.</span> 
     </span>
     <span class='ocr_line' id='line_1_26' title="bbox 213 2299 884 2377; baseline 0.003 -21"><span class='ocrx_word' id='word_1_166' title='bbox 213 2299 349 2357; x_wconf 87' lang='lat' dir='ltr'>“Sicanio</span> <span class='ocrx_word' id='word_1_167' title='bbox 362 2303 502 2376; x_wconf 86' lang='lat' dir='ltr'>praetenta</span> <span class='ocrx_word' id='word_1_168' title='bbox 515 2300 580 2357; x_wconf 88' lang='lat' dir='ltr'>sinu</span> <span class='ocrx_word' id='word_1_169' title='bbox 588 2300 665 2377; x_wconf 88' lang='lat' dir='ltr'>jacet</span> <span class='ocrx_word' id='word_1_170' title='bbox 678 2299 771 2357; x_wconf 90' lang='lat' dir='ltr'>insula</span> <span class='ocrx_word' id='word_1_171' title='bbox 783 2302 884 2358; x_wconf 86' lang='lat' dir='ltr'>contra</span> 
     </span>
     <span class='ocr_line' id='line_1_27' title="bbox 174 2378 874 2456; baseline 0.001 -20"><span class='ocrx_word' id='word_1_172' title='bbox 174 2378 352 2455; x_wconf 83' lang='lat' dir='ltr'>Plemyrium</span> <span class='ocrx_word' id='word_1_173' title='bbox 364 2378 504 2440; x_wconf 88' lang='lat' dir='ltr'>undosum</span> <span class='ocrx_word' id='word_1_174' title='bbox 516 2403 522 2450; x_wconf 90' lang='lat'>;</span> <span class='ocrx_word' id='word_1_175' title='bbox 543 2399 647 2437; x_wconf 90' lang='lat' dir='ltr'>nomen</span> <span class='ocrx_word' id='word_1_176' title='bbox 660 2379 754 2438; x_wconf 86' lang='lat' dir='ltr'>dixere</span> <span class='ocrx_word' id='word_1_177' title='bbox 767 2379 874 2456; x_wconf 85' lang='lat' dir='ltr'>priores</span> 
     </span>
     <span class='ocr_line' id='line_1_28' title="bbox 174 2458 973 2536; baseline 0 -21"><span class='ocrx_word' id='word_1_178' title='bbox 174 2458 335 2536; x_wconf 90' lang='lat' dir='ltr'>Ortygiam.</span> <span class='ocrx_word' id='word_1_179' title='bbox 377 2458 521 2535; x_wconf 88' lang='lat' dir='ltr'>Alpheum</span> <span class='ocrx_word' id='word_1_180' title='bbox 534 2459 611 2516; x_wconf 88' lang='lat' dir='ltr'>fama</span> <span class='ocrx_word' id='word_1_181' title='bbox 623 2462 667 2516; x_wconf 89' lang='lat' dir='ltr'>est</span> <span class='ocrx_word' id='word_1_182' title='bbox 680 2458 737 2516; x_wconf 89' lang='lat' dir='ltr'>huc</span> <span class='ocrx_word' id='word_1_183' title='bbox 751 2458 844 2517; x_wconf 85' lang='lat' dir='ltr'>Elidis</span> <span class='ocrx_word' id='word_1_184' title='bbox 858 2477 973 2517; x_wconf 90' lang='lat' dir='ltr'>amnem</span> 
     </span>
     <span class='ocr_line' id='line_1_29' title="bbox 176 2537 850 2615; baseline 0.003 -21"><span class='ocrx_word' id='word_1_185' title='bbox 176 2538 311 2595; x_wconf 89' lang='lat' dir='ltr'>Occultas</span> <span class='ocrx_word' id='word_1_186' title='bbox 324 2537 415 2615; x_wconf 84' lang='lat' dir='ltr'>egisse</span> <span class='ocrx_word' id='word_1_187' title='bbox 428 2539 487 2595; x_wconf 87' lang='lat' dir='ltr'>vias</span> <span class='ocrx_word' id='word_1_188' title='bbox 502 2539 600 2596; x_wconf 90' lang='lat' dir='ltr'>subter</span> <span class='ocrx_word' id='word_1_189' title='bbox 612 2558 698 2610; x_wconf 88' lang='lat' dir='ltr'>mare,</span> <span class='ocrx_word' id='word_1_190' title='bbox 713 2538 762 2614; x_wconf 92' lang='lat' dir='ltr'>qui</span> <span class='ocrx_word' id='word_1_191' title='bbox 774 2559 850 2596; x_wconf 90' lang='lat' dir='ltr'>nunc</span> 
     </span>
     <span class='ocr_line' id='line_1_30' title="bbox 176 2616 892 2690; baseline 0.001 -16"><span class='ocrx_word' id='word_1_192' title='bbox 176 2617 240 2689; x_wconf 90' lang='lat' dir='ltr'>Ore,</span> <span class='ocrx_word' id='word_1_193' title='bbox 254 2618 407 2690; x_wconf 88' lang='lat' dir='ltr'>Arethusa,</span> <span class='ocrx_word' id='word_1_194' title='bbox 421 2621 473 2675; x_wconf 93' lang='lat' dir='ltr'>tuo</span> <span class='ocrx_word' id='word_1_195' title='bbox 487 2617 589 2675; x_wconf 83' lang='lat' dir='ltr'>Siculis</span> <span class='ocrx_word' id='word_1_196' title='bbox 603 2617 786 2675; x_wconf 78' lang='lat' dir='ltr'>contunditur</span> <span class='ocrx_word' id='word_1_197' title='bbox 799 2616 892 2676; x_wconf 89' lang='lat' dir='ltr'>undis.</span> 
     </span>
     <span class='ocr_line' id='line_1_31' title="bbox 175 2695 897 2774; baseline 0.003 -20"><span class='ocrx_word' id='word_1_198' title='bbox 175 2695 197 2754; x_wconf 88' lang='lat' dir='ltr'><strong>J</strong></span> <span class='ocrx_word' id='word_1_199' title='bbox 197 2697 256 2754; x_wconf 90' lang='lat' dir='ltr'>ussi</span> <span class='ocrx_word' id='word_1_200' title='bbox 269 2697 387 2755; x_wconf 91' lang='lat' dir='ltr'>numina</span> <span class='ocrx_word' id='word_1_201' title='bbox 399 2716 505 2774; x_wconf 89' lang='lat' dir='ltr'>magna</span> <span class='ocrx_word' id='word_1_202' title='bbox 517 2697 572 2756; x_wconf 88' lang='lat' dir='ltr'>loci</span> <span class='ocrx_word' id='word_1_203' title='bbox 585 2717 767 2768; x_wconf 83' lang='lat' dir='ltr'>veneramur3</span> <span class='ocrx_word' id='word_1_204' title='bbox 788 2701 817 2755; x_wconf 92' lang='lat' dir='ltr'>et</span> <span class='ocrx_word' id='word_1_205' title='bbox 831 2697 897 2756; x_wconf 90' lang='lat' dir='ltr'>inde</span> 
     </span>
     <span class='ocr_line' id='line_1_32' title="bbox 173 2776 904 2854; baseline 0.003 -21"><span class='ocrx_word' id='word_1_206' title='bbox 173 2776 322 2854; x_wconf 84' lang='lat' dir='ltr'>Exsupero</span> <span class='ocrx_word' id='word_1_207' title='bbox 335 2776 500 2854; x_wconf 82' lang='lat' dir='ltr'>praepingue</span> <span class='ocrx_word' id='word_1_208' title='bbox 514 2777 606 2835; x_wconf 92' lang='lat' dir='ltr'>solum</span> <span class='ocrx_word' id='word_1_209' title='bbox 619 2777 781 2854; x_wconf 86' lang='lat' dir='ltr'>stagnantis</span> <span class='ocrx_word' id='word_1_210' title='bbox 793 2776 904 2835; x_wconf 85' lang='lat' dir='ltr'>Helori.</span> 
     </span>
     <span class='ocr_line' id='line_1_33' title="bbox 175 2856 868 2935; baseline 0.001 -22"><span class='ocrx_word' id='word_1_211' title='bbox 175 2856 255 2914; x_wconf 90' lang='lat' dir='ltr'>Hinc</span> <span class='ocrx_word' id='word_1_212' title='bbox 269 2857 341 2914; x_wconf 88' lang='lat' dir='ltr'>altas</span> <span class='ocrx_word' id='word_1_213' title='bbox 355 2859 451 2914; x_wconf 90' lang='lat' dir='ltr'>cautes</span> <span class='ocrx_word' id='word_1_214' title='bbox 464 2856 644 2935; x_wconf 87' lang='lat' dir='ltr'>projectaque</span> <span class='ocrx_word' id='word_1_215' title='bbox 657 2876 724 2914; x_wconf 86' lang='lat' dir='ltr'>saxa</span> <span class='ocrx_word' id='word_1_216' title='bbox 737 2857 868 2934; x_wconf 87' lang='lat' dir='ltr'>Pachyni</span> 
     </span>
     <span class='ocr_line' id='line_1_34' title="bbox 16 2920 886 3013; baseline -0.003 -16"><span class='ocrx_word' id='word_1_217' title='bbox 16 2950 32 3007; x_wconf 64' lang='lat' dir='ltr'><em>J</em></span> <span class='ocrx_word' id='word_1_218' title='bbox 37 2920 58 3003; x_wconf 65' lang='lat' dir='ltr'>A</span> <span class='ocrx_word' id='word_1_219' title='bbox 69 2924 123 3008; x_wconf 45' lang='lat' dir='ltr'>aba(</span> <span class='ocrx_word' id='word_1_220' title='bbox 174 2935 331 3013; x_wconf 73' lang='lat' dir='ltr'>Redimus;</span> <span class='ocrx_word' id='word_1_221' title='bbox 352 2938 381 2994; x_wconf 90' lang='lat' dir='ltr'>et</span> <span class='ocrx_word' id='word_1_222' title='bbox 394 2936 461 2993; x_wconf 88' lang='lat' dir='ltr'>fatis</span> <span class='ocrx_word' id='word_1_223' title='bbox 474 2956 621 3011; x_wconf 89' lang='lat' dir='ltr'>nunquam</span> <span class='ocrx_word' id='word_1_224' title='bbox 634 2955 766 2994; x_wconf 89' lang='lat' dir='ltr'>concessa</span> <span class='ocrx_word' id='word_1_225' title='bbox 778 2936 886 2994; x_wconf 88' lang='lat' dir='ltr'>moveri</span> 
     </span>
     <span class='ocr_line' id='line_1_35' title="bbox 173 3015 852 3092; baseline 0.001 -20"><span class='ocrx_word' id='word_1_226' title='bbox 173 3017 302 3092; x_wconf 88' lang='lat' dir='ltr'>Apparet</span> <span class='ocrx_word' id='word_1_227' title='bbox 317 3015 467 3073; x_wconf 80' lang='lat' dir='ltr'>Camarina</span> <span class='ocrx_word' id='word_1_228' title='bbox 478 3016 585 3092; x_wconf 87' lang='lat' dir='ltr'>procul,</span> <span class='ocrx_word' id='word_1_229' title='bbox 600 3015 747 3092; x_wconf 89' lang='lat' dir='ltr'>campique</span> <span class='ocrx_word' id='word_1_230' title='bbox 761 3015 852 3088; x_wconf 83' lang='lat' dir='ltr'>Geloi,</span> 
     </span>
     <span class='ocr_line' id='line_1_36' title="bbox 174 3094 828 3172; baseline 0.002 -21"><span class='ocrx_word' id='word_1_231' title='bbox 174 3095 370 3170; x_wconf 91' lang='lat' dir='ltr'>Immanisque</span> <span class='ocrx_word' id='word_1_232' title='bbox 384 3094 456 3152; x_wconf 82' lang='lat' dir='ltr'>Cela</span> <span class='ocrx_word' id='word_1_233' title='bbox 468 3095 549 3152; x_wconf 87' lang='lat' dir='ltr'>fluvii</span> <span class='ocrx_word' id='word_1_234' title='bbox 562 3095 729 3172; x_wconf 92' lang='lat' dir='ltr'>cognomine</span> <span class='ocrx_word' id='word_1_235' title='bbox 743 3095 828 3152; x_wconf 89' lang='lat' dir='ltr'>diota.</span> 
     </span>
     <span class='ocr_line' id='line_1_37' title="bbox 174 3173 886 3253; baseline 0.001 -22"><span class='ocrx_word' id='word_1_236' title='bbox 174 3174 292 3232; x_wconf 91' lang='lat' dir='ltr'>Arduus</span> <span class='ocrx_word' id='word_1_237' title='bbox 304 3173 371 3232; x_wconf 90' lang='lat' dir='ltr'>inde</span> <span class='ocrx_word' id='word_1_238' title='bbox 384 3175 510 3252; x_wconf 88' lang='lat' dir='ltr'>Acragas</span> <span class='ocrx_word' id='word_1_239' title='bbox 524 3178 651 3233; x_wconf 87' lang='lat' dir='ltr'>ostentat</span> <span class='ocrx_word' id='word_1_240' title='bbox 665 3174 789 3232; x_wconf 86' lang='lat' dir='ltr'>maxima</span> <span class='ocrx_word' id='word_1_241' title='bbox 800 3174 886 3253; x_wconf 90' lang='lat' dir='ltr'>longe</span> 
     </span>
     <span class='ocr_line' id='line_1_38' title="bbox 175 3252 1003 3331; baseline 0.001 -21"><span class='ocrx_word' id='word_1_242' title='bbox 175 3252 294 3325; x_wconf 88' lang='lat' dir='ltr'>Moenia,</span> <span class='ocrx_word' id='word_1_243' title='bbox 307 3254 523 3330; x_wconf 89' lang='lat' dir='ltr'>magnanimum</span> <span class='ocrx_word' id='word_1_244' title='bbox 537 3254 679 3330; x_wconf 91' lang='lat' dir='ltr'>quondam</span> <span class='ocrx_word' id='word_1_245' title='bbox 692 3256 842 3331; x_wconf 87' lang='lat' dir='ltr'>generator</span> <span class='ocrx_word' id='word_1_246' title='bbox 856 3273 1003 3331; x_wconf 87' lang='lat' dir='ltr'>equorum.</span> 
     </span>
     <span class='ocr_line' id='line_1_39' title="bbox 176 3332 863 3410; baseline 0.003 -21"><span class='ocrx_word' id='word_1_247' title='bbox 176 3332 273 3408; x_wconf 84' lang='lat' dir='ltr'>Teque</span> <span class='ocrx_word' id='word_1_248' title='bbox 286 3332 360 3390; x_wconf 90' lang='lat' dir='ltr'>datis</span> <span class='ocrx_word' id='word_1_249' title='bbox 374 3333 472 3409; x_wconf 90' lang='lat' dir='ltr'>linquo</span> <span class='ocrx_word' id='word_1_250' title='bbox 487 3334 588 3404; x_wconf 88' lang='lat' dir='ltr'>ventis,</span> <span class='ocrx_word' id='word_1_251' title='bbox 601 3333 729 3410; x_wconf 90' lang='lat' dir='ltr'>palmosa</span> <span class='ocrx_word' id='word_1_252' title='bbox 742 3334 863 3406; x_wconf 87' lang='lat' dir='ltr'>Selinus,</span> 
     </span>
     <span class='ocr_line' id='line_1_40' title="bbox 176 3410 800 3491; baseline 0.005 -23"><span class='ocrx_word' id='word_1_253' title='bbox 176 3410 218 3468; x_wconf 83' lang='lat' dir='ltr'>Et</span> <span class='ocrx_word' id='word_1_254' title='bbox 231 3412 304 3469; x_wconf 86' lang='lat' dir='ltr'>vada</span> <span class='ocrx_word' id='word_1_255' title='bbox 317 3412 388 3470; x_wconf 90' lang='lat' dir='ltr'>dura</span> <span class='ocrx_word' id='word_1_256' title='bbox 400 3413 464 3490; x_wconf 87' lang='lat' dir='ltr'>lego</span> <span class='ocrx_word' id='word_1_257' title='bbox 478 3413 552 3471; x_wconf 85' lang='lat' dir='ltr'>saxis</span> <span class='ocrx_word' id='word_1_258' title='bbox 565 3412 697 3491; x_wconf 76' lang='lat' dir='ltr'>Lilybeia</span> <span class='ocrx_word' id='word_1_259' title='bbox 710 3413 800 3486; x_wconf 85' lang='lat' dir='ltr'>oaecis,</span> 
     </span>
     <span class='ocr_line' id='line_1_41' title="bbox 175 3490 839 3569; baseline 0.003 -22"><span class='ocrx_word' id='word_1_260' title='bbox 175 3490 256 3548; x_wconf 90' lang='lat' dir='ltr'>Hinc</span> <span class='ocrx_word' id='word_1_261' title='bbox 269 3490 396 3568; x_wconf 89' lang='lat' dir='ltr'>Drepani</span> <span class='ocrx_word' id='word_1_262' title='bbox 408 3512 454 3550; x_wconf 90' lang='lat' dir='ltr'>me</span> <span class='ocrx_word' id='word_1_263' title='bbox 467 3495 568 3569; x_wconf 88' lang='lat' dir='ltr'>portus</span> <span class='ocrx_word' id='word_1_264' title='bbox 582 3497 611 3551; x_wconf 91' lang='lat' dir='ltr'>et</span> <span class='ocrx_word' id='word_1_265' title='bbox 624 3492 775 3550; x_wconf 84' lang='lat' dir='ltr'>illaetabilis</span> <span class='ocrx_word' id='word_1_266' title='bbox 789 3511 839 3550; x_wconf 91' lang='lat' dir='ltr'>ora</span> 
     </span>
     <span class='ocr_line' id='line_1_42' title="bbox 175 3569 918 3649; baseline 0.004 -23"><span class='ocrx_word' id='word_1_267' title='bbox 175 3569 299 3646; x_wconf 90' lang='lat' dir='ltr'>Accipit.</span> <span class='ocrx_word' id='word_1_268' title='bbox 341 3571 407 3642; x_wconf 88' lang='lat' dir='ltr'>Hic,</span> <span class='ocrx_word' id='word_1_269' title='bbox 422 3571 522 3648; x_wconf 87' lang='lat' dir='ltr'>Pelagi</span> <span class='ocrx_word' id='word_1_270' title='bbox 534 3574 581 3630; x_wconf 92' lang='lat' dir='ltr'>tot</span> <span class='ocrx_word' id='word_1_271' title='bbox 593 3572 814 3649; x_wconf 88' lang='lat' dir='ltr'>tempestatibus</span> <span class='ocrx_word' id='word_1_272' title='bbox 828 3574 918 3642; x_wconf 88' lang='lat' dir='ltr'>actus,</span> 
     </span>
     <span class='ocr_line' id='line_1_43' title="bbox 176 3648 944 3727; baseline 0.005 -21"><span class='ocrx_word' id='word_1_273' title='bbox 176 3648 261 3706; x_wconf 86' lang='lat' dir='ltr'>Heu!</span> <span class='ocrx_word' id='word_1_274' title='bbox 282 3649 449 3726; x_wconf 88' lang='lat' dir='ltr'>genitorem,</span> <span class='ocrx_word' id='word_1_275' title='bbox 463 3651 555 3709; x_wconf 91' lang='lat' dir='ltr'>omnis</span> <span class='ocrx_word' id='word_1_276' title='bbox 569 3672 643 3710; x_wconf 87' lang='lat' dir='ltr'>curae</span> <span class='ocrx_word' id='word_1_277' title='bbox 656 3671 793 3727; x_wconf 88' lang='lat' dir='ltr'>casusque</span> <span class='ocrx_word' id='word_1_278' title='bbox 805 3651 944 3722; x_wconf 85' lang='lat' dir='ltr'>levamen,</span> 
     </span>
     <span class='ocr_line' id='line_1_44' title="bbox 176 3727 948 3809; baseline 0.004 -24"><span class='ocrx_word' id='word_1_279' title='bbox 176 3727 292 3786; x_wconf 84' lang='lat' dir='ltr'>Amitto</span> <span class='ocrx_word' id='word_1_280' title='bbox 306 3727 467 3788; x_wconf 85' lang='lat' dir='ltr'>Anchisen:</span> <span class='ocrx_word' id='word_1_281' title='bbox 487 3730 535 3789; x_wconf 91' lang='lat' dir='ltr'>hic</span> <span class='ocrx_word' id='word_1_282' title='bbox 548 3750 602 3803; x_wconf 92' lang='lat' dir='ltr'>me,</span> <span class='ocrx_word' id='word_1_283' title='bbox 615 3733 697 3809; x_wconf 89' lang='lat' dir='ltr'>pater</span> <span class='ocrx_word' id='word_1_284' title='bbox 710 3731 826 3809; x_wconf 85' lang='lat' dir='ltr'>optime,</span> <span class='ocrx_word' id='word_1_285' title='bbox 839 3731 948 3788; x_wconf 89' lang='lat' dir='ltr'>fessum</span> 
     </span>
     <span class='ocr_line' id='line_1_45' title="bbox 177 3807 947 3888; baseline 0.005 -23"><span class='ocrx_word' id='word_1_286' title='bbox 177 3807 301 3880; x_wconf 83' lang='lat' dir='ltr'>Deseris,</span> <span class='ocrx_word' id='word_1_287' title='bbox 313 3807 388 3866; x_wconf 90' lang='lat' dir='ltr'>heu!</span> <span class='ocrx_word' id='word_1_288' title='bbox 408 3809 499 3867; x_wconf 88' lang='lat' dir='ltr'>tantis</span> <span class='ocrx_word' id='word_1_289' title='bbox 512 3810 705 3888; x_wconf 90' lang='lat' dir='ltr'>nequidquam</span> <span class='ocrx_word' id='word_1_290' title='bbox 717 3814 813 3888; x_wconf 90' lang='lat' dir='ltr'>erepte</span> <span class='ocrx_word' id='word_1_291' title='bbox 826 3810 947 3887; x_wconf 86' lang='lat' dir='ltr'>periclis.</span> 
     </span>
     <span class='ocr_line' id='line_1_46' title="bbox 170 3886 1004 3967; baseline 0.005 -21"><span class='ocrx_word' id='word_1_292' title='bbox 170 3887 238 3947; x_wconf 83' lang='lat' dir='ltr'>Nec</span> <span class='ocrx_word' id='word_1_293' title='bbox 252 3888 333 3948; x_wconf 86' lang='lat' dir='ltr'>vates</span> <span class='ocrx_word' id='word_1_294' title='bbox 346 3886 487 3962; x_wconf 87' lang='lat' dir='ltr'>Helenus,</span> <span class='ocrx_word' id='word_1_295' title='bbox 500 3909 591 3967; x_wconf 90' lang='lat' dir='ltr'>quum</span> <span class='ocrx_word' id='word_1_296' title='bbox 602 3890 696 3947; x_wconf 88' lang='lat' dir='ltr'>multa</span> <span class='ocrx_word' id='word_1_297' title='bbox 708 3889 851 3949; x_wconf 88' lang='lat' dir='ltr'>horrenda</span> <span class='ocrx_word' id='word_1_298' title='bbox 863 3893 1004 3964; x_wconf 87' lang='lat' dir='ltr'>moneret,</span> 
     </span>
     <span class='ocr_line' id='line_1_47' title="bbox 152 3967 876 4055; baseline -0.003 -26"><span class='ocrx_word' id='word_1_299' title='bbox 152 3967 234 4032; x_wconf 82' lang='lat' dir='ltr'>&#39;Hos</span> <span class='ocrx_word' id='word_1_300' title='bbox 246 3969 324 4034; x_wconf 88' lang='lat' dir='ltr'>mihi</span> <span class='ocrx_word' id='word_1_301' title='bbox 335 3969 476 4055; x_wconf 78' lang='lat' dir='ltr'>praedixit</span> <span class='ocrx_word' id='word_1_302' title='bbox 485 3969 597 4046; x_wconf 89' lang='lat' dir='ltr'>luctus,</span> <span class='ocrx_word' id='word_1_303' title='bbox 608 3989 670 4030; x_wconf 88' lang='lat' dir='ltr'>non</span> <span class='ocrx_word' id='word_1_304' title='bbox 681 3969 745 4029; x_wconf 78' lang='lat' dir='ltr'>dira</span> <span class='ocrx_word' id='word_1_305' title='bbox 753 3968 876 4028; x_wconf 71' lang='lat' dir='ltr'>Caleno.</span> 
     </span>
    </p>
   </div>
   <div class='ocr_carea' id='block_1_3' title="bbox 0 0 1263 4298">
    <p class='ocr_par' dir='ltr' id='par_1_3' title="bbox 0 0 1263 4298">
     <span class='ocr_line' id='line_1_48' title="bbox 0 0 1263 4298; baseline 0 0"><span class='ocrx_word' id='word_1_306' title='bbox 0 0 1263 4298; x_wconf 95' lang='lat' dir='ltr'> </span> 
     </span>
    </p>
   </div>
  </div>
 </body>
</html>
