2506 4298
459 230 625 273 nocemur.
665 231 732 273 EOL.
746 232 798 274 111.

153 372 279 430 Munera
291 374 369 441 sunt,
381 372 462 443 lauri,
477 376 506 431 et
520 393 605 432 suave
618 373 722 432 rubens
735 374 920 452 hyacinthus.

192 452 281 510 Dan.
303 451 384 510 Malo
398 472 444 511 me
458 453 579 512 Galatea
591 454 674 531 petit,
687 453 791 512 lasciva
804 455 906 531 puella,

156 532 197 589 Et
211 531 289 609 sugit
303 533 339 590 ad
352 531 459 603 salices,
473 536 503 590 et
517 554 546 591 se
560 533 641 611 eupit
654 537 721 592 ante
735 534 832 592 videri.

194 611 282 669 Mun.
303 612 346 669 At
358 611 432 670 mibi
445 632 504 671 sese
518 613 601 671 offert
614 613 691 672 ultro
705 634 785 671 meus
799 613 883 690 ignis,
897 615 1051 692 Amyntas,

155 691 262 750 Notior
274 694 310 749 ut
319 691 380 768 jam
394 692 433 749 sit
447 692 562 750 canibus
576 713 634 751 non
648 693 732 751 Delia
744 693 859 751 nostris.

196 771 284 829 Dan.
305 771 394 829 Parta
408 791 479 829 mere
493 772 597 831 Veneri
611 775 679 830 sunt
693 793 827 844 munera;
848 793 970 850 namque
983 774 1082 833 notavi

155 851 223 929 Ipse
236 850 339 921 locum,
354 851 438 908 ae'riae
452 871 507 926 quo
521 872 685 929 congessere
698 853 852 929 palumbes.

196 930 283 989 Mun.
305 931 388 1002 Quod
400 932 492 1008 potui,
506 952 592 1008 puero
607 931 730 990 silvestri
743 953 777 990 ex
791 933 890 991 arbore
902 931 977 992 lecta

157 1012 253 1068 Aurea
265 1010 341 1068 mala
354 1011 451 1068 decem
464 1010 546 1082 misi;
567 1031 627 1069 cras
641 1011 731 1069 altera
743 1012 869 1070 mittam.

197 1090 284 1148 Dum.
305 1090 331 1147 Ο
346 1090 466 1167 quotieS,
480 1093 510 1149 et
524 1110 588 1166 quae
601 1091 683 1149 nobis
697 1091 818 1150 Galatea
830 1091 926 1151 locuta
939 1093 999 1152 estl

158 1170 276 1228 Partem
291 1169 423 1244 aliquam,
436 1169 525 1241 venti,
540 1170 638 1227 divum
651 1171 779 1229 referatis
793 1172 829 1228 ad
843 1173 939 1230 aures!

197 1249 284 1307 Mna.
306 1249 383 1321 Quid
405 1250 529 1326 prodest,
550 1251 626 1327 quod
648 1270 694 1308 me
716 1251 776 1327 ipsc
797 1251 891 1310 animo
911 1272 969 1309 non
989 1251 1105 1330 sperniS,

355 1329 412 1386 Am
434 1333 493 1400 nta,

158 1408 198 1480 Si,
211 1408 282 1466 dum
295 1410 330 1465 tu
343 1349 459 1466 sectalis
473 1429 564 1486 apros,
578 1429 631 1486 ego
645 1409 718 1468 retia
730 1410 835 1469 servo?

198 1488 285 1545 Dum.
306 1487 442 1565 Phyllida
454 1489 540 1547 mitte
553 1488 633 1559 mibi,
646 1509 727 1547 meus
741 1493 785 1548 est
799 1489 910 1562 natalis,
925 1489 1015 1549 Iolla:

159 1569 256 1640 Quum
270 1567 372 1624 faciam
385 1568 477 1626 vitula
490 1589 541 1646 pro
554 1568 693 1646 frugibus,
705 1569 766 1646 ipse
780 1569 885 1627 venito.

197 1648 281 1705 Mun.
302 1647 438 1724 Phyllida
451 1669 515 1707 amo
529 1652 596 1707 ante
610 1649 694 1720 alias3
714 1670 781 1707 nam
795 1670 841 1708 me
855 1649 996 1708 discedere
1006 1648 1096 1720 flevit,

158 1728 211 1799 Et,
224 1726 387 1803 “Longum
400 1728 522 1787 formose
535 1728 606 1798 vale,
620 1728 711 1799 vale‚”
726 1729 829 1805 inquit,
844 1729 925 1786 lolla.

198 1806 286 1864 ΒΑΜ.
307 1806 403 1866 Triste
415 1807 499 1884 lupus
513 1808 641 1878 stabulis,
654 1808 775 1865 maturis
789 1809 919 1886 frugibus
932 1808 1046 1879 imbreS,

160 1886 320 1945 Arboribus
332 1886 421 1956 venti,
434 1887 516 1945 nobis
530 1888 715 1965 Amaryllidis
729 1888 787 1946 irae.

198 1967 285 2024 ΜΕΝ.
307 1965 399 2024 Dulce
413 1967 481 2024 satis
494 1968 606 2036 humor,
620 1968 743 2044 depulsis
757 1968 875 2026 arbutus
888 1967 988 2039 haedis,

158 2047 255 2105 Lenta
268 2046 338 2103 salix
351 2046 411 2103 feto
424 2047 526 2124 pecori,
540 2047 613 2105 mibi
626 2048 702 2106 solus
716 2047 869 2124 Amyntas.

199 2127 286 2185 Dan.
308 2125 401 2184 Pollio
411 2130 489 2184 amat
498 2131 635 2199 nostram,
650 2130 778 2205 quamvis
792 2132 837 2187 est
847 2127 962 2200 rustica,
974 2126 1107 2197 Musam3

159 2206 296 2278 Pierides,
310 2205 432 2263 vitulam
445 2205 545 2266 lectori
559 2208 667 2285 pascite
680 2210 784 2266 vestro.

202 2286 289 2344 Meu.
312 2285 404 2343 Pollio
419 2289 448 2344 et
462 2286 522 2363 ipse
535 2287 604 2346 facit
618 2308 692 2345 nova
705 2287 841 2345 earmina:
864 2286 971 2364 pascite
984 2289 1109 2357 taurum,

160 2367 230 2425 Jam
244 2385 332 2424 cornu
345 2368 428 2442 petat
442 2370 471 2424 et
485 2367 603 2443 pedibus
617 2367 667 2444 qui
680 2371 796 2445 spargat
811 2386 934 2425 arenam.

200 2445 287 2503 Dm.
309 2445 366 2517 Qui
378 2448 418 2516 te,
429 2445 530 2517 Pollio,
539 2450 626 2517 amat,
636 2447 741 2518 veniat,
756 2466 812 2524 quo
822 2449 853 2504 te
863 2466 974 2523 quoque
984 2444 1090 2523 gaudet
1101 2469 1107 2515 ;

160 2525 251 2585 Mella
262 2526 355 2583 fluant
367 2524 418 2595 illi,
432 2525 505 2583 ferat
518 2530 548 2585 et
561 2527 649 2584 rubus
663 2546 743 2603 asper
756 2546 910 2583 amomum.

202 2606 288 2663 Mun.
310 2604 367 2677 Qui
380 2605 504 2663 Bavium
517 2626 574 2664 non
589 2607 659 2676 odit,
673 2609 750 2664 amet
763 2610 815 2663 tua
828 2605 961 2678 carmina,
975 2604 1081 2675 Maevi3

162 2686 260 2760 Atque
272 2685 349 2743 idem
358 2685 464 2762 jungat
477 2686 576 2763 vulpes
589 2689 619 2744 et
633 2686 762 2762 mulgeat
775 2685 877 2743 hircos.

202 2765 289 2822 Dan.
311 2764 368 2836 Qui
380 2764 477 2842 legitis
487 2765 569 2824 flores
583 2769 613 2823 et
626 2765 708 2823 humi
721 2765 867 2822 nascentia
879 2765 968 2841 fraga,

164 2844 308 2921 Frigidus,
322 2864 339 2901 o
352 2844 442 2921 pueri,
455 2845 548 2922 fugite
561 2845 637 2916 hinc,
650 2845 722 2903 latet
736 2844 837 2921 anguis
851 2844 881 2901 in
894 2843 990 2901 herba.

203 2924 290 2981 Mun.
311 2923 434 2994 Parcite,
448 2944 522 2994 oves,
536 2923 656 2982 nimium
670 2925 835 3000 procedere;
855 2944 913 2981 non
926 2923 997 2981 bene
1010 2921 1080 2997 ripae

164 3002 314 3075 Creditum
333 3003 393 3080 ipse
407 3004 477 3062 aries
492 3007 578 3062 etiam
592 3024 668 3062 nunc
682 3004 785 3062 vellera
798 3003 894 3061 siccat.

203 3083 291 3141 Dm.
311 3082 422 3156 Tityre,
434 3088 582 3160 pascentes
596 3104 613 3141 a
625 3084 742 3141 flumine
756 3083 827 3141 reice
841 3081 979 3158 capellas:

164 3163 240 3241 Ipse,
254 3163 304 3220 ubi
315 3165 430 3238 tempus
444 3163 507 3235 erit,
522 3183 619 3222 omnes
632 3163 663 3220 in
676 3163 756 3221 fonte
769 3162 878 3220 lavabo.

203 3243 287 3300 Mau.
309 3241 411 3319 Cogite
425 3262 499 3313 oves,
513 3243 610 3320 pueri;
631 3243 655 3300 si
667 3243 710 3301 lac
724 3241 888 3320 praeceperit
902 3243 998 3312 aestus,

164 3322 210 3381 Ut
223 3342 322 3399 nuper,
336 3323 443 3379 snrstra
456 3323 646 3399 pressabimus
660 3323 748 3380 ubera
760 3322 870 3399 palmis.

203 3403 290 3461 Dan.
311 3401 388 3472 Heu,
402 3402 468 3474 beu,
482 3422 568 3480 quam
581 3403 682 3480 pingui
701 3422 795 3461 macer
816 3405 860 3460 est
875 3401 948 3460 mibi
960 3404 1060 3460 taurus
1080 3400 1111 3457 in

361 3483 443 3541 ervo!

162 3563 247 3622 Idem
260 3580 340 3620 amor
353 3561 473 3621 exitium
486 3561 581 3639 pecori
594 3562 758 3639 pecorisque
772 3561 920 3639 magistro.

204 3642 291 3700 Mna.
320 3640 377 3699 His
404 3646 480 3700 certe
508 3662 598 3720 neque
625 3662 705 3700 amor
731 3662 815 3701 causa
838 3645 899 3714 est3
926 3640 975 3699 vix
1002 3637 1112 3698 ossibus

400 3721 528 3794 baerent3

164 3801 272 3861 Nescio
285 3801 348 3877 quis
361 3804 474 3860 teneros
488 3802 586 3860 oculus
599 3800 672 3860 mihi
685 3800 805 3859 fascinat
819 3820 916 3878 agnos.

205 3882 292 3940 Dan.
313 3881 378 3953 Die,
392 3881 494 3959 quibus
508 3882 645 3951 interris,
659 3884 689 3939 et
703 3881 757 3939 eris
771 3880 843 3938 mihi
856 3899 977 3957 magnus
992 3876 1105 3956 Apollo,

165 3962 238 4023 Tres
249 3964 349 4039 pateat
362 3962 424 4020 coeli
437 3961 562 4040 spatium
575 3982 635 4023 non
649 3961 772 4042 amplius
785 3960 877 4022 ulnas.
