<?xml version="1.0" encoding="UTF-8"?>
<!DOCTYPE html PUBLIC "-//W3C//DTD XHTML 1.0 Transitional//EN"
    "http://www.w3.org/TR/xhtml1/DTD/xhtml1-transitional.dtd">
<html xmlns="http://www.w3.org/1999/xhtml" xml:lang="en" lang="en">
 <head>
  <title>
</title>
<meta http-equiv="Content-Type" content="text/html;charset=utf-8" />
  <meta name='ocr-system' content='tesseract 3.04.00' />
  <meta name='ocr-capabilities' content='ocr_page ocr_carea ocr_par ocr_line ocrx_word'/>
</head>
<body>
  <div class='ocr_page' id='page_1' title='image "./workspubliusvir00thomgoog_0072.png"; bbox 0 0 2506 4298; ppageno 0'>
   <div class='ocr_carea' id='block_1_1' title="bbox 476 232 772 276">
    <p class='ocr_par' dir='ltr' id='par_1_1' title="bbox 476 232 772 276">
     <span class='ocr_line' id='line_1_1' title="bbox 476 232 772 276; baseline -0.003 -1"><span class='ocrx_word' id='word_1_1' title='bbox 476 232 654 276; x_wconf 75' lang='lat' dir='ltr'>GEORGIGON</span> <span class='ocrx_word' id='word_1_2' title='bbox 674 233 736 275; x_wconf 78' lang='lat' dir='ltr'>m.</span> <span class='ocrx_word' id='word_1_3' title='bbox 750 234 772 274; x_wconf 90' lang='grc' dir='ltr'>Ι.</span> 
     </span>
    </p>
   </div>
   <div class='ocr_carea' id='block_1_2' title="bbox 149 373 1013 3798">
    <p class='ocr_par' dir='ltr' id='par_1_2' title="bbox 151 373 958 453">
     <span class='ocr_line' id='line_1_2' title="bbox 151 373 958 453; baseline 0.004 -20"><span class='ocrx_word' id='word_1_4' title='bbox 151 373 250 453; x_wconf 83' lang='lat' dir='ltr'>Usque</span> <span class='ocrx_word' id='word_1_5' title='bbox 264 374 317 434; x_wconf 90' lang='lat' dir='ltr'>sub</span> <span class='ocrx_word' id='word_1_6' title='bbox 331 377 491 434; x_wconf 88' lang='lat' dir='ltr'>extremum</span> <span class='ocrx_word' id='word_1_7' title='bbox 504 376 610 435; x_wconf 80' lang='lat' dir='ltr'>brume</span> <span class='ocrx_word' id='word_1_8' title='bbox 622 375 810 435; x_wconf 85' lang='lat' dir='ltr'>intractabilis</span> <span class='ocrx_word' id='word_1_9' title='bbox 823 375 958 436; x_wconf 87' lang='lat' dir='ltr'><strong>imbrem:</strong></span> 
     </span>
    </p>

    <p class='ocr_par' dir='ltr' id='par_1_3' title="bbox 149 455 836 534">
     <span class='ocr_line' id='line_1_3' title="bbox 149 455 836 534; baseline 0.001 -22"><span class='ocrx_word' id='word_1_10' title='bbox 149 455 182 512; x_wconf 90' lang='lat' dir='ltr'>N</span> <span class='ocrx_word' id='word_1_11' title='bbox 182 476 214 514; x_wconf 89' lang='lat' dir='ltr'>ec</span> <span class='ocrx_word' id='word_1_12' title='bbox 227 476 286 514; x_wconf 91' lang='lat' dir='ltr'>non</span> <span class='ocrx_word' id='word_1_13' title='bbox 300 459 330 514; x_wconf 89' lang='lat' dir='ltr'>et</span> <span class='ocrx_word' id='word_1_14' title='bbox 342 455 393 512; x_wconf 88' lang='lat' dir='ltr'>lini</span> <span class='ocrx_word' id='word_1_15' title='bbox 407 467 532 533; x_wconf 85' lang='lat' dir='ltr'>segetem</span> <span class='ocrx_word' id='word_1_16' title='bbox 546 459 575 514; x_wconf 91' lang='lat' dir='ltr'>et</span> <span class='ocrx_word' id='word_1_17' title='bbox 590 455 703 514; x_wconf 77' lang='lat' dir='ltr'>Cereale</span> <span class='ocrx_word' id='word_1_18' title='bbox 716 476 836 534; x_wconf 87' lang='lat' dir='ltr'>papaver</span> 
     </span>
    </p>

    <p class='ocr_par' dir='ltr' id='par_1_4' title="bbox 150 534 1013 613">
     <span class='ocr_line' id='line_1_4' title="bbox 150 534 1013 613; baseline 0.002 -20"><span class='ocrx_word' id='word_1_19' title='bbox 150 534 276 613; x_wconf 82' lang='lat' dir='ltr'>Tempus</span> <span class='ocrx_word' id='word_1_20' title='bbox 289 535 377 593; x_wconf 92' lang='lat' dir='ltr'>humo</span> <span class='ocrx_word' id='word_1_21' title='bbox 390 537 495 612; x_wconf 84' lang='lat' dir='ltr'>tegere,</span> <span class='ocrx_word' id='word_1_22' title='bbox 509 539 539 594; x_wconf 90' lang='lat' dir='ltr'>et</span> <span class='ocrx_word' id='word_1_23' title='bbox 548 536 717 612; x_wconf 88' lang='lat' dir='ltr'>jamdudum</span> <span class='ocrx_word' id='word_1_24' title='bbox 729 536 891 595; x_wconf 85' lang='lat' dir='ltr'>incumbere</span> <span class='ocrx_word' id='word_1_25' title='bbox 904 536 1013 607; x_wconf 86' lang='lat' dir='ltr'>aratris,</span> 
     </span>
    </p>

    <p class='ocr_par' dir='ltr' id='par_1_5' title="bbox 150 614 861 692">
     <span class='ocr_line' id='line_1_5' title="bbox 150 614 861 692; baseline 0.004 -21"><span class='ocrx_word' id='word_1_26' title='bbox 150 614 232 672; x_wconf 91' lang='lat' dir='ltr'>Dum</span> <span class='ocrx_word' id='word_1_27' title='bbox 246 615 320 673; x_wconf 93' lang='lat' dir='ltr'>sicca</span> <span class='ocrx_word' id='word_1_28' title='bbox 332 615 432 673; x_wconf 87' lang='lat' dir='ltr'>tellure</span> <span class='ocrx_word' id='word_1_29' title='bbox 445 615 521 686; x_wconf 86' lang='lat' dir='ltr'>licet,</span> <span class='ocrx_word' id='word_1_30' title='bbox 535 617 604 673; x_wconf 92' lang='lat' dir='ltr'>dum</span> <span class='ocrx_word' id='word_1_31' title='bbox 617 615 715 674; x_wconf 90' lang='lat' dir='ltr'>nubila</span> <span class='ocrx_word' id='word_1_32' title='bbox 727 616 861 692; x_wconf 88' lang='lat' dir='ltr'>pendent.</span> 
     </span>
    </p>

    <p class='ocr_par' dir='ltr' id='par_1_6' title="bbox 150 694 921 772">
     <span class='ocr_line' id='line_1_6' title="bbox 150 694 921 772; baseline 0.004 -21"><span class='ocrx_word' id='word_1_33' title='bbox 150 694 225 753; x_wconf 87' lang='lat' dir='ltr'>Vere</span> <span class='ocrx_word' id='word_1_34' title='bbox 239 694 312 752; x_wconf 88' lang='lat' dir='ltr'>fabis</span> <span class='ocrx_word' id='word_1_35' title='bbox 325 695 414 767; x_wconf 83' lang='lat' dir='ltr'>sati03</span> <span class='ocrx_word' id='word_1_36' title='bbox 434 698 499 752; x_wconf 91' lang='lat' dir='ltr'>tum</span> <span class='ocrx_word' id='word_1_37' title='bbox 511 699 542 753; x_wconf 88' lang='lat' dir='ltr'>te</span> <span class='ocrx_word' id='word_1_38' title='bbox 555 715 674 772; x_wconf 88' lang='lat' dir='ltr'>quoque,</span> <span class='ocrx_word' id='word_1_39' title='bbox 688 696 810 766; x_wconf 85' lang='lat' dir='ltr'>Medica,</span> <span class='ocrx_word' id='word_1_40' title='bbox 823 699 921 772; x_wconf 88' lang='lat' dir='ltr'>putres</span> 
     </span>
    </p>

    <p class='ocr_par' dir='ltr' id='par_1_7' title="bbox 151 773 822 851">
     <span class='ocr_line' id='line_1_7' title="bbox 151 773 822 851; baseline 0.003 -21"><span class='ocrx_word' id='word_1_41' title='bbox 151 774 307 851; x_wconf 89' lang='lat' dir='ltr'>Accipiunt</span> <span class='ocrx_word' id='word_1_42' title='bbox 321 773 398 846; x_wconf 89' lang='lat' dir='ltr'>sulci,</span> <span class='ocrx_word' id='word_1_43' title='bbox 413 777 443 832; x_wconf 90' lang='lat' dir='ltr'>et</span> <span class='ocrx_word' id='word_1_44' title='bbox 456 775 534 832; x_wconf 87' lang='lat' dir='ltr'>milio</span> <span class='ocrx_word' id='word_1_45' title='bbox 548 775 627 833; x_wconf 89' lang='lat' dir='ltr'>venit</span> <span class='ocrx_word' id='word_1_46' title='bbox 641 795 735 832; x_wconf 85' lang='lat' dir='ltr'>annua</span> <span class='ocrx_word' id='word_1_47' title='bbox 747 794 822 847; x_wconf 88' lang='lat' dir='ltr'>cura,</span> 
     </span>
    </p>

    <p class='ocr_par' dir='ltr' id='par_1_8' title="bbox 151 853 887 932">
     <span class='ocr_line' id='line_1_8' title="bbox 151 853 887 932; baseline 0.001 -20"><span class='ocrx_word' id='word_1_48' title='bbox 151 853 297 912; x_wconf 83' lang='lat' dir='ltr'>Candidus</span> <span class='ocrx_word' id='word_1_49' title='bbox 311 855 416 912; x_wconf 85' lang='lat' dir='ltr'>auratis</span> <span class='ocrx_word' id='word_1_50' title='bbox 430 855 520 932; x_wconf 87' lang='lat' dir='ltr'>aperit</span> <span class='ocrx_word' id='word_1_51' title='bbox 534 875 622 931; x_wconf 93' lang='lat' dir='ltr'>quum</span> <span class='ocrx_word' id='word_1_52' title='bbox 636 855 766 912; x_wconf 89' lang='lat' dir='ltr'>cornibus</span> <span class='ocrx_word' id='word_1_53' title='bbox 780 875 887 913; x_wconf 89' lang='lat' dir='ltr'>annum</span> 
     </span>
    </p>

    <p class='ocr_par' dir='ltr' id='par_1_9' title="bbox 151 933 872 1006">
     <span class='ocr_line' id='line_1_9' title="bbox 151 933 872 1006; baseline 0.004 -16"><span class='ocrx_word' id='word_1_54' title='bbox 151 933 272 1006; x_wconf 69' lang='lat' dir='ltr'>Taurus</span> <span class='ocrx_word' id='word_1_55' title='bbox 286 936 315 992; x_wconf 90' lang='lat' dir='ltr'>et</span> <span class='ocrx_word' id='word_1_56' title='bbox 329 934 446 992; x_wconf 84' lang='lat' dir='ltr'>adverso</span> <span class='ocrx_word' id='word_1_57' title='bbox 459 934 559 992; x_wconf 90' lang='lat' dir='ltr'>cedens</span> <span class='ocrx_word' id='word_1_58' title='bbox 573 934 658 992; x_wconf 82' lang='lat' dir='ltr'>Oanis</span> <span class='ocrx_word' id='word_1_59' title='bbox 672 933 775 992; x_wconf 89' lang='lat' dir='ltr'>occidit</span> <span class='ocrx_word' id='word_1_60' title='bbox 787 937 872 993; x_wconf 88' lang='lat' dir='ltr'>astro.</span> 
     </span>
    </p>

    <p class='ocr_par' dir='ltr' id='par_1_10' title="bbox 150 1013 838 1091">
     <span class='ocr_line' id='line_1_10' title="bbox 150 1013 838 1091; baseline 0 -20"><span class='ocrx_word' id='word_1_61' title='bbox 150 1014 194 1071; x_wconf 87' lang='lat' dir='ltr'>At</span> <span class='ocrx_word' id='word_1_62' title='bbox 209 1015 236 1071; x_wconf 87' lang='lat' dir='ltr'>si</span> <span class='ocrx_word' id='word_1_63' title='bbox 247 1013 390 1072; x_wconf 73' lang='lat' dir='ltr'>triticeam</span> <span class='ocrx_word' id='word_1_64' title='bbox 403 1013 434 1071; x_wconf 91' lang='lat' dir='ltr'>in</span> <span class='ocrx_word' id='word_1_65' title='bbox 447 1034 567 1072; x_wconf 86' lang='lat' dir='ltr'>messem</span> <span class='ocrx_word' id='word_1_66' title='bbox 580 1014 751 1091; x_wconf 89' lang='lat' dir='ltr'>robustaque</span> <span class='ocrx_word' id='word_1_67' title='bbox 764 1014 838 1072; x_wconf 83' lang='lat' dir='ltr'>farra</span> 
     </span>
    </p>

    <p class='ocr_par' dir='ltr' id='par_1_11' title="bbox 150 1093 830 1171">
     <span class='ocr_line' id='line_1_11' title="bbox 150 1093 830 1171; baseline 0.003 -21"><span class='ocrx_word' id='word_1_68' title='bbox 150 1093 305 1152; x_wconf 84' lang='lat' dir='ltr'>Exercebis</span> <span class='ocrx_word' id='word_1_69' title='bbox 317 1093 447 1160; x_wconf 87' lang='lat' dir='ltr'>humum,</span> <span class='ocrx_word' id='word_1_70' title='bbox 461 1093 581 1171; x_wconf 87' lang='lat' dir='ltr'>solisque</span> <span class='ocrx_word' id='word_1_71' title='bbox 594 1093 713 1152; x_wconf 87' lang='lat' dir='ltr'>instabis</span> <span class='ocrx_word' id='word_1_72' title='bbox 727 1094 830 1165; x_wconf 75' lang='lat' dir='ltr'>aristis,</span> 
     </span>
    </p>

    <p class='ocr_par' dir='ltr' id='par_1_12' title="bbox 151 1172 791 1245">
     <span class='ocr_line' id='line_1_12' title="bbox 151 1172 791 1245; baseline 0 -15"><span class='ocrx_word' id='word_1_73' title='bbox 151 1175 231 1231; x_wconf 86' lang='lat' dir='ltr'>Ante</span> <span class='ocrx_word' id='word_1_74' title='bbox 244 1173 299 1231; x_wconf 90' lang='lat' dir='ltr'>tibi</span> <span class='ocrx_word' id='word_1_75' title='bbox 312 1172 383 1231; x_wconf 82' lang='lat' dir='ltr'>Eoae</span> <span class='ocrx_word' id='word_1_76' title='bbox 397 1172 560 1231; x_wconf 69' lang='lat' dir='ltr'>Atlantides</span> <span class='ocrx_word' id='word_1_77' title='bbox 574 1173 791 1245; x_wconf 80' lang='lat' dir='ltr'>abscondantur,</span> 
     </span>
    </p>

    <p class='ocr_par' dir='ltr' id='par_1_13' title="bbox 152 1252 820 1329">
     <span class='ocr_line' id='line_1_13' title="bbox 152 1252 820 1329; baseline 0 -19"><span class='ocrx_word' id='word_1_78' title='bbox 152 1252 316 1329; x_wconf 85' lang='lat' dir='ltr'>Gnosiaque</span> <span class='ocrx_word' id='word_1_79' title='bbox 329 1253 454 1311; x_wconf 89' lang='lat' dir='ltr'>ardentis</span> <span class='ocrx_word' id='word_1_80' title='bbox 468 1253 584 1312; x_wconf 85' lang='lat' dir='ltr'>decedat</span> <span class='ocrx_word' id='word_1_81' title='bbox 597 1253 680 1310; x_wconf 85' lang='lat' dir='ltr'>stella</span> <span class='ocrx_word' id='word_1_82' title='bbox 695 1252 820 1323; x_wconf 77' lang='lat' dir='ltr'>Corona,</span> 
     </span>
    </p>

    <p class='ocr_par' dir='ltr' id='par_1_14' title="bbox 151 1332 916 1410">
     <span class='ocr_line' id='line_1_14' title="bbox 151 1332 916 1410; baseline -0.001 -20"><span class='ocrx_word' id='word_1_83' title='bbox 151 1333 261 1390; x_wconf 82' lang='lat' dir='ltr'>Debita</span> <span class='ocrx_word' id='word_1_84' title='bbox 274 1352 359 1409; x_wconf 90' lang='lat' dir='ltr'>quam</span> <span class='ocrx_word' id='word_1_85' title='bbox 373 1332 457 1390; x_wconf 89' lang='lat' dir='ltr'>sulcis</span> <span class='ocrx_word' id='word_1_86' title='bbox 470 1332 633 1391; x_wconf 84' lang='lat' dir='ltr'>committas</span> <span class='ocrx_word' id='word_1_87' title='bbox 647 1332 762 1403; x_wconf 88' lang='lat' dir='ltr'>semina,</span> <span class='ocrx_word' id='word_1_88' title='bbox 776 1351 916 1410; x_wconf 90' lang='lat' dir='ltr'>quamque</span> 
     </span>
    </p>

    <p class='ocr_par' dir='ltr' id='par_1_15' title="bbox 150 1411 808 1489">
     <span class='ocr_line' id='line_1_15' title="bbox 150 1411 808 1489; baseline 0.002 -20"><span class='ocrx_word' id='word_1_89' title='bbox 150 1411 261 1470; x_wconf 88' lang='lat' dir='ltr'>Invitae</span> <span class='ocrx_word' id='word_1_90' title='bbox 275 1431 405 1489; x_wconf 90' lang='lat' dir='ltr'>properes</span> <span class='ocrx_word' id='word_1_91' title='bbox 419 1413 485 1470; x_wconf 92' lang='lat' dir='ltr'>anui</span> <span class='ocrx_word' id='word_1_92' title='bbox 499 1432 577 1489; x_wconf 91' lang='lat' dir='ltr'>spem</span> <span class='ocrx_word' id='word_1_93' title='bbox 590 1412 701 1470; x_wconf 90' lang='lat' dir='ltr'>credere</span> <span class='ocrx_word' id='word_1_94' title='bbox 713 1416 808 1470; x_wconf 82' lang='lat' dir='ltr'>terrae.</span> 
     </span>
    </p>

    <p class='ocr_par' dir='ltr' id='par_1_16' title="bbox 150 1491 855 1569">
     <span class='ocr_line' id='line_1_16' title="bbox 150 1491 855 1569; baseline -0.003 -19"><span class='ocrx_word' id='word_1_95' title='bbox 150 1491 244 1550; x_wconf 89' lang='lat' dir='ltr'>Multi</span> <span class='ocrx_word' id='word_1_96' title='bbox 258 1495 324 1549; x_wconf 87' lang='lat' dir='ltr'>ante</span> <span class='ocrx_word' id='word_1_97' title='bbox 338 1511 468 1550; x_wconf 87' lang='lat' dir='ltr'>occasum</span> <span class='ocrx_word' id='word_1_98' title='bbox 481 1492 567 1549; x_wconf 84' lang='lat' dir='ltr'>Maiae</span> <span class='ocrx_word' id='word_1_99' title='bbox 581 1511 704 1569; x_wconf 82' lang='lat' dir='ltr'>coepere3</span> <span class='ocrx_word' id='word_1_100' title='bbox 731 1492 781 1550; x_wconf 93' lang='lat' dir='ltr'>sed</span> <span class='ocrx_word' id='word_1_101' title='bbox 793 1492 855 1549; x_wconf 89' lang='lat' dir='ltr'>illos</span> 
     </span>
    </p>

    <p class='ocr_par' dir='ltr' id='par_1_17' title="bbox 152 1571 715 1649">
     <span class='ocr_line' id='line_1_17' title="bbox 152 1571 715 1649; baseline 0 -21"><span class='ocrx_word' id='word_1_102' title='bbox 152 1571 315 1648; x_wconf 81' lang='lat' dir='ltr'>Expectata</span> <span class='ocrx_word' id='word_1_103' title='bbox 328 1591 408 1649; x_wconf 87' lang='lat' dir='ltr'>seges</span> <span class='ocrx_word' id='word_1_104' title='bbox 421 1571 501 1629; x_wconf 85' lang='lat' dir='ltr'>vanis</span> <span class='ocrx_word' id='word_1_105' title='bbox 514 1571 599 1630; x_wconf 86' lang='lat' dir='ltr'>elusit</span> <span class='ocrx_word' id='word_1_106' title='bbox 613 1571 715 1630; x_wconf 90' lang='lat' dir='ltr'>aristis.</span> 
     </span>
    </p>

    <p class='ocr_par' dir='ltr' id='par_1_18' title="bbox 152 1650 812 1728">
     <span class='ocr_line' id='line_1_18' title="bbox 152 1650 812 1728; baseline -0.003 -20"><span class='ocrx_word' id='word_1_107' title='bbox 152 1651 184 1708; x_wconf 85' lang='lat' dir='ltr'>Si</span> <span class='ocrx_word' id='word_1_108' title='bbox 197 1671 264 1709; x_wconf 87' lang='lat' dir='ltr'>vero</span> <span class='ocrx_word' id='word_1_109' title='bbox 277 1650 434 1728; x_wconf 84' lang='lat' dir='ltr'>viciamque</span> <span class='ocrx_word' id='word_1_110' title='bbox 447 1672 520 1710; x_wconf 91' lang='lat' dir='ltr'>seres</span> <span class='ocrx_word' id='word_1_111' title='bbox 533 1651 673 1726; x_wconf 87' lang='lat' dir='ltr'>vilemque</span> <span class='ocrx_word' id='word_1_112' title='bbox 685 1650 812 1722; x_wconf 86' lang='lat' dir='ltr'>faselum,</span> 
     </span>
    </p>

    <p class='ocr_par' dir='ltr' id='par_1_19' title="bbox 151 1729 794 1808">
     <span class='ocr_line' id='line_1_19' title="bbox 151 1729 794 1808; baseline -0.003 -20"><span class='ocrx_word' id='word_1_113' title='bbox 151 1731 216 1788; x_wconf 85' lang='lat' dir='ltr'>Nee</span> <span class='ocrx_word' id='word_1_114' title='bbox 230 1730 383 1788; x_wconf 77' lang='lat' dir='ltr'>Pelusiaca</span> <span class='ocrx_word' id='word_1_115' title='bbox 396 1751 493 1789; x_wconf 89' lang='lat' dir='ltr'>curam</span> <span class='ocrx_word' id='word_1_116' title='bbox 506 1732 687 1808; x_wconf 89' lang='lat' dir='ltr'>aspernabere</span> <span class='ocrx_word' id='word_1_117' title='bbox 699 1729 794 1799; x_wconf 89' lang='lat' dir='ltr'>lentis,</span> 
     </span>
    </p>

    <p class='ocr_par' dir='ltr' id='par_1_20' title="bbox 152 1809 899 1886">
     <span class='ocr_line' id='line_1_20' title="bbox 152 1809 899 1886; baseline -0.004 -18"><span class='ocrx_word' id='word_1_118' title='bbox 152 1811 244 1868; x_wconf 93' lang='lat' dir='ltr'>Haud</span> <span class='ocrx_word' id='word_1_119' title='bbox 257 1811 375 1868; x_wconf 89' lang='lat' dir='ltr'>obscura</span> <span class='ocrx_word' id='word_1_120' title='bbox 387 1811 488 1868; x_wconf 88' lang='lat' dir='ltr'>cadens</span> <span class='ocrx_word' id='word_1_121' title='bbox 501 1811 601 1868; x_wconf 86' lang='lat' dir='ltr'>mittet</span> <span class='ocrx_word' id='word_1_122' title='bbox 613 1810 669 1869; x_wconf 88' lang='lat' dir='ltr'>tibi</span> <span class='ocrx_word' id='word_1_123' title='bbox 681 1810 763 1886; x_wconf 85' lang='lat' dir='ltr'>signa</span> <span class='ocrx_word' id='word_1_124' title='bbox 776 1809 899 1879; x_wconf 81' lang='lat' dir='ltr'>Bootes3</span> 
     </span>
    </p>

    <p class='ocr_par' dir='ltr' id='par_1_21' title="bbox 152 1888 916 2047">
     <span class='ocr_line' id='line_1_21' title="bbox 152 1888 916 1967; baseline -0.003 -20"><span class='ocrx_word' id='word_1_125' title='bbox 152 1890 262 1967; x_wconf 88' lang='lat' dir='ltr'>Incipe,</span> <span class='ocrx_word' id='word_1_126' title='bbox 276 1894 306 1948; x_wconf 91' lang='lat' dir='ltr'>et</span> <span class='ocrx_word' id='word_1_127' title='bbox 319 1890 356 1948; x_wconf 84' lang='lat' dir='ltr'>ad</span> <span class='ocrx_word' id='word_1_128' title='bbox 368 1890 473 1948; x_wconf 90' lang='lat' dir='ltr'>medias</span> <span class='ocrx_word' id='word_1_129' title='bbox 487 1893 643 1948; x_wconf 87' lang='lat' dir='ltr'>sementem</span> <span class='ocrx_word' id='word_1_130' title='bbox 656 1888 775 1948; x_wconf 83' lang='lat' dir='ltr'>extende</span> <span class='ocrx_word' id='word_1_131' title='bbox 793 1889 916 1965; x_wconf 90' lang='lat' dir='ltr'>pruinas.</span> 
     </span>
     <span class='ocr_line' id='line_1_22' title="bbox 193 1968 829 2047; baseline -0.002 -21"><span class='ocrx_word' id='word_1_132' title='bbox 193 1968 306 2028; x_wconf 88' lang='lat' dir='ltr'>Idcirco</span> <span class='ocrx_word' id='word_1_133' title='bbox 320 1969 404 2028; x_wconf 87' lang='lat' dir='ltr'>certis</span> <span class='ocrx_word' id='word_1_134' title='bbox 418 1969 577 2028; x_wconf 85' lang='lat' dir='ltr'>dimensum</span> <span class='ocrx_word' id='word_1_135' title='bbox 590 1969 718 2047; x_wconf 88' lang='lat' dir='ltr'>partibus</span> <span class='ocrx_word' id='word_1_136' title='bbox 732 1969 829 2026; x_wconf 90' lang='lat' dir='ltr'>orbem</span> 
     </span>
    </p>

    <p class='ocr_par' dir='ltr' id='par_1_22' title="bbox 153 2049 874 2127">
     <span class='ocr_line' id='line_1_23' title="bbox 153 2049 874 2127; baseline -0.003 -20"><span class='ocrx_word' id='word_1_137' title='bbox 153 2049 210 2107; x_wconf 92' lang='lat' dir='ltr'>Per</span> <span class='ocrx_word' id='word_1_138' title='bbox 224 2049 355 2107; x_wconf 89' lang='lat' dir='ltr'>duodena</span> <span class='ocrx_word' id='word_1_139' title='bbox 365 2049 441 2127; x_wconf 80' lang='lat' dir='ltr'>regit</span> <span class='ocrx_word' id='word_1_140' title='bbox 454 2050 554 2107; x_wconf 91' lang='lat' dir='ltr'>mundi</span> <span class='ocrx_word' id='word_1_141' title='bbox 567 2049 615 2107; x_wconf 87' lang='lat' dir='ltr'>Sol</span> <span class='ocrx_word' id='word_1_142' title='bbox 629 2069 728 2107; x_wconf 88' lang='lat' dir='ltr'>aureus</span> <span class='ocrx_word' id='word_1_143' title='bbox 742 2050 826 2106; x_wconf 86' lang='lat' dir='ltr'>astra.</span> <span class='ocrx_word' id='word_1_144' title='bbox 870 2106 874 2114; x_wconf 84' lang='grc'><strong>,</strong></span> 
     </span>
    </p>

    <p class='ocr_par' dir='ltr' id='par_1_23' title="bbox 154 2129 964 2205">
     <span class='ocr_line' id='line_1_24' title="bbox 154 2129 964 2205; baseline -0.004 -19"><span class='ocrx_word' id='word_1_145' title='bbox 154 2129 287 2205; x_wconf 82' lang='lat' dir='ltr'>Quinque</span> <span class='ocrx_word' id='word_1_146' title='bbox 299 2132 401 2187; x_wconf 86' lang='lat' dir='ltr'>tenent</span> <span class='ocrx_word' id='word_1_147' title='bbox 414 2130 517 2187; x_wconf 89' lang='lat' dir='ltr'>coelum</span> <span class='ocrx_word' id='word_1_148' title='bbox 530 2148 625 2187; x_wconf 84' lang='lat' dir='ltr'>zonae:</span> <span class='ocrx_word' id='word_1_149' title='bbox 647 2148 766 2205; x_wconf 88' lang='lat' dir='ltr'>quarum</span> <span class='ocrx_word' id='word_1_150' title='bbox 778 2147 836 2184; x_wconf 86' lang='lat' dir='ltr'>una</span> <span class='ocrx_word' id='word_1_151' title='bbox 849 2145 964 2184; x_wconf 88' lang='lat' dir='ltr'>corusco</span> 
     </span>
    </p>

    <p class='ocr_par' dir='ltr' id='par_1_24' title="bbox 154 2206 885 2285">
     <span class='ocr_line' id='line_1_25' title="bbox 154 2206 885 2285; baseline -0.004 -20"><span class='ocrx_word' id='word_1_152' title='bbox 154 2209 273 2285; x_wconf 85' lang='lat' dir='ltr'>Semper</span> <span class='ocrx_word' id='word_1_153' title='bbox 285 2208 343 2267; x_wconf 89' lang='lat' dir='ltr'>sole</span> <span class='ocrx_word' id='word_1_154' title='bbox 356 2209 459 2267; x_wconf 86' lang='lat' dir='ltr'>rubens</span> <span class='ocrx_word' id='word_1_155' title='bbox 473 2212 503 2267; x_wconf 91' lang='lat' dir='ltr'>et</span> <span class='ocrx_word' id='word_1_156' title='bbox 515 2208 624 2267; x_wconf 88' lang='lat' dir='ltr'>torrida</span> <span class='ocrx_word' id='word_1_157' title='bbox 637 2228 746 2285; x_wconf 89' lang='lat' dir='ltr'>semper</span> <span class='ocrx_word' id='word_1_158' title='bbox 759 2208 795 2265; x_wconf 89' lang='lat' dir='ltr'>ab</span> <span class='ocrx_word' id='word_1_159' title='bbox 807 2206 885 2283; x_wconf 86' lang='lat' dir='ltr'>igni;</span> 
     </span>
    </p>

    <p class='ocr_par' dir='ltr' id='par_1_25' title="bbox 155 2286 941 2364">
     <span class='ocr_line' id='line_1_26' title="bbox 155 2286 941 2364; baseline -0.005 -18"><span class='ocrx_word' id='word_1_160' title='bbox 155 2288 248 2360; x_wconf 77' lang='lat' dir='ltr'>Quam</span> <span class='ocrx_word' id='word_1_161' title='bbox 262 2288 368 2346; x_wconf 90' lang='lat' dir='ltr'>circum</span> <span class='ocrx_word' id='word_1_162' title='bbox 381 2291 512 2346; x_wconf 80' lang='lat' dir='ltr'>extremae</span> <span class='ocrx_word' id='word_1_163' title='bbox 526 2289 626 2346; x_wconf 88' lang='lat' dir='ltr'>dextra</span> <span class='ocrx_word' id='word_1_164' title='bbox 636 2287 764 2364; x_wconf 83' lang='lat' dir='ltr'>laevaque</span> <span class='ocrx_word' id='word_1_165' title='bbox 777 2286 941 2355; x_wconf 89' lang='lat' dir='ltr'>trahuntur,</span> 
     </span>
    </p>

    <p class='ocr_par' dir='ltr' id='par_1_26' title="bbox 155 2365 885 2445">
     <span class='ocr_line' id='line_1_27' title="bbox 155 2365 885 2445; baseline -0.001 -21"><span class='ocrx_word' id='word_1_166' title='bbox 155 2367 283 2426; x_wconf 80' lang='lat' dir='ltr'>Caerulea</span> <span class='ocrx_word' id='word_1_167' title='bbox 294 2367 384 2445; x_wconf 84' lang='lat' dir='ltr'>glacie</span> <span class='ocrx_word' id='word_1_168' title='bbox 397 2370 536 2426; x_wconf 76' lang='lat' dir='ltr'>concrete</span> <span class='ocrx_word' id='word_1_169' title='bbox 551 2371 636 2444; x_wconf 88' lang='lat' dir='ltr'>atque</span> <span class='ocrx_word' id='word_1_170' title='bbox 649 2366 786 2425; x_wconf 88' lang='lat' dir='ltr'>imbribus</span> <span class='ocrx_word' id='word_1_171' title='bbox 800 2365 885 2423; x_wconf 87' lang='lat' dir='ltr'>atris:</span> 
     </span>
    </p>

    <p class='ocr_par' dir='ltr' id='par_1_27' title="bbox 154 2445 848 2524">
     <span class='ocr_line' id='line_1_28' title="bbox 154 2445 848 2524; baseline -0.003 -20"><span class='ocrx_word' id='word_1_172' title='bbox 154 2447 219 2504; x_wconf 88' lang='lat' dir='ltr'>Has</span> <span class='ocrx_word' id='word_1_173' title='bbox 232 2448 309 2505; x_wconf 90' lang='lat' dir='ltr'>inter</span> <span class='ocrx_word' id='word_1_174' title='bbox 322 2447 498 2524; x_wconf 85' lang='lat' dir='ltr'>mediamque</span> <span class='ocrx_word' id='word_1_175' title='bbox 512 2447 573 2505; x_wconf 88' lang='lat' dir='ltr'>duae</span> <span class='ocrx_word' id='word_1_176' title='bbox 586 2446 753 2505; x_wconf 87' lang='lat' dir='ltr'>mortalibus</span> <span class='ocrx_word' id='word_1_177' title='bbox 767 2445 848 2523; x_wconf 83' lang='lat' dir='ltr'>aegris</span> 
     </span>
    </p>

    <p class='ocr_par' dir='ltr' id='par_1_28' title="bbox 154 2525 900 2603">
     <span class='ocr_line' id='line_1_29' title="bbox 154 2525 900 2603; baseline -0.001 -20"><span class='ocrx_word' id='word_1_178' title='bbox 154 2526 278 2585; x_wconf 89' lang='lat' dir='ltr'>Munere</span> <span class='ocrx_word' id='word_1_179' title='bbox 291 2544 430 2585; x_wconf 85' lang='lat' dir='ltr'>concessae</span> <span class='ocrx_word' id='word_1_180' title='bbox 443 2526 557 2599; x_wconf 79' lang='lat' dir='ltr'>divum3</span> <span class='ocrx_word' id='word_1_181' title='bbox 584 2526 631 2584; x_wconf 88' lang='lat' dir='ltr'>via</span> <span class='ocrx_word' id='word_1_182' title='bbox 644 2530 721 2584; x_wconf 90' lang='lat' dir='ltr'>secta</span> <span class='ocrx_word' id='word_1_183' title='bbox 733 2546 782 2603; x_wconf 91' lang='lat' dir='ltr'>per</span> <span class='ocrx_word' id='word_1_184' title='bbox 795 2525 900 2595; x_wconf 89' lang='lat' dir='ltr'>ambas,</span> 
     </span>
    </p>

    <p class='ocr_par' dir='ltr' id='par_1_29' title="bbox 156 2605 797 2683">
     <span class='ocr_line' id='line_1_30' title="bbox 156 2605 797 2683; baseline -0.005 -19"><span class='ocrx_word' id='word_1_185' title='bbox 156 2606 297 2682; x_wconf 89' lang='lat' dir='ltr'>Obliquus</span> <span class='ocrx_word' id='word_1_186' title='bbox 311 2626 408 2683; x_wconf 90' lang='lat' dir='ltr'>quase</span> <span class='ocrx_word' id='word_1_187' title='bbox 422 2606 569 2683; x_wconf 87' lang='lat' dir='ltr'>signorum</span> <span class='ocrx_word' id='word_1_188' title='bbox 582 2608 706 2664; x_wconf 87' lang='lat' dir='ltr'>verteret</span> <span class='ocrx_word' id='word_1_189' title='bbox 720 2605 797 2663; x_wconf 87' lang='lat' dir='ltr'>ordo.</span> 
     </span>
    </p>

    <p class='ocr_par' dir='ltr' id='par_1_30' title="bbox 155 2683 959 2763">
     <span class='ocr_line' id='line_1_31' title="bbox 155 2683 959 2763; baseline -0.004 -21"><span class='ocrx_word' id='word_1_190' title='bbox 155 2685 294 2756; x_wconf 90' lang='lat' dir='ltr'>Mundus,</span> <span class='ocrx_word' id='word_1_191' title='bbox 307 2688 342 2743; x_wconf 87' lang='lat' dir='ltr'>ut</span> <span class='ocrx_word' id='word_1_192' title='bbox 355 2685 391 2743; x_wconf 87' lang='lat' dir='ltr'>ad</span> <span class='ocrx_word' id='word_1_193' title='bbox 404 2685 553 2763; x_wconf 85' lang='lat' dir='ltr'>Scythiam</span> <span class='ocrx_word' id='word_1_194' title='bbox 566 2685 754 2762; x_wconf 85' lang='lat' dir='ltr'>Rhipaeasque</span> <span class='ocrx_word' id='word_1_195' title='bbox 768 2683 871 2741; x_wconf 81' lang='lat' dir='ltr'>arduus</span> <span class='ocrx_word' id='word_1_196' title='bbox 885 2701 959 2740; x_wconf 89' lang='lat' dir='ltr'>arces</span> 
     </span>
    </p>

    <p class='ocr_par' dir='ltr' id='par_1_31' title="bbox 156 2764 900 2842">
     <span class='ocr_line' id='line_1_32' title="bbox 156 2764 900 2842; baseline -0.003 -20"><span class='ocrx_word' id='word_1_197' title='bbox 156 2765 321 2842; x_wconf 79' lang='lat' dir='ltr'>Consurgit,</span> <span class='ocrx_word' id='word_1_198' title='bbox 334 2765 473 2842; x_wconf 89' lang='lat' dir='ltr'>premitur</span> <span class='ocrx_word' id='word_1_199' title='bbox 486 2765 588 2842; x_wconf 72' lang='lat' dir='ltr'>Libyae</span> <span class='ocrx_word' id='word_1_200' title='bbox 602 2765 724 2823; x_wconf 89' lang='lat' dir='ltr'>devexus</span> <span class='ocrx_word' id='word_1_201' title='bbox 736 2764 767 2820; x_wconf 92' lang='lat' dir='ltr'>in</span> <span class='ocrx_word' id='word_1_202' title='bbox 781 2767 900 2821; x_wconf 89' lang='lat' dir='ltr'>austros.</span> 
     </span>
    </p>

    <p class='ocr_par' dir='ltr' id='par_1_32' title="bbox 155 2843 849 2922">
     <span class='ocr_line' id='line_1_33' title="bbox 155 2843 849 2922; baseline -0.003 -20"><span class='ocrx_word' id='word_1_203' title='bbox 155 2844 216 2903; x_wconf 91' lang='lat' dir='ltr'>Hic</span> <span class='ocrx_word' id='word_1_204' title='bbox 229 2849 329 2903; x_wconf 84' lang='lat' dir='ltr'>vertex</span> <span class='ocrx_word' id='word_1_205' title='bbox 341 2844 422 2903; x_wconf 91' lang='lat' dir='ltr'>nobis</span> <span class='ocrx_word' id='word_1_206' title='bbox 436 2865 545 2922; x_wconf 88' lang='lat' dir='ltr'>semper</span> <span class='ocrx_word' id='word_1_207' title='bbox 558 2843 686 2902; x_wconf 86' lang='lat' dir='ltr'>sublimis</span> <span class='ocrx_word' id='word_1_208' title='bbox 697 2869 703 2916; x_wconf 93' lang='lat'>;</span> <span class='ocrx_word' id='word_1_209' title='bbox 724 2847 754 2903; x_wconf 86' lang='lat' dir='ltr'>at</span> <span class='ocrx_word' id='word_1_210' title='bbox 767 2844 849 2901; x_wconf 92' lang='lat' dir='ltr'>illum</span> 
     </span>
    </p>

    <p class='ocr_par' dir='ltr' id='par_1_33' title="bbox 156 2921 927 3002">
     <span class='ocr_line' id='line_1_34' title="bbox 156 2921 927 3002; baseline -0.005 -21"><span class='ocrx_word' id='word_1_211' title='bbox 156 2924 216 2982; x_wconf 84' lang='lat' dir='ltr'>Sub</span> <span class='ocrx_word' id='word_1_212' title='bbox 229 2924 348 3001; x_wconf 89' lang='lat' dir='ltr'>pedibus</span> <span class='ocrx_word' id='word_1_213' title='bbox 362 2925 436 3002; x_wconf 80' lang='lat' dir='ltr'>Styx</span> <span class='ocrx_word' id='word_1_214' title='bbox 449 2928 512 2982; x_wconf 86' lang='lat' dir='ltr'>atra</span> <span class='ocrx_word' id='word_1_215' title='bbox 524 2925 603 2983; x_wconf 87' lang='lat' dir='ltr'>videt</span> <span class='ocrx_word' id='word_1_216' title='bbox 616 2924 774 3000; x_wconf 86' lang='lat' dir='ltr'>Manesque</span> <span class='ocrx_word' id='word_1_217' title='bbox 786 2921 927 3000; x_wconf 86' lang='lat' dir='ltr'>profundi.</span> 
     </span>
    </p>

    <p class='ocr_par' dir='ltr' id='par_1_34' title="bbox 156 3002 824 3080">
     <span class='ocr_line' id='line_1_35' title="bbox 156 3002 824 3080; baseline -0.001 -20"><span class='ocrx_word' id='word_1_218' title='bbox 156 3003 302 3062; x_wconf 85' lang='lat' dir='ltr'>Maximus</span> <span class='ocrx_word' id='word_1_219' title='bbox 315 3004 362 3062; x_wconf 93' lang='lat' dir='ltr'>hic</span> <span class='ocrx_word' id='word_1_220' title='bbox 375 3005 450 3062; x_wconf 81' lang='lat' dir='ltr'>flexu</span> <span class='ocrx_word' id='word_1_221' title='bbox 463 3004 576 3062; x_wconf 91' lang='lat' dir='ltr'>sinuoso</span> <span class='ocrx_word' id='word_1_222' title='bbox 589 3003 711 3063; x_wconf 77' lang='lat' dir='ltr'>elabitur</span> <span class='ocrx_word' id='word_1_223' title='bbox 723 3002 824 3080; x_wconf 84' lang='lat' dir='ltr'>anguis</span> 
     </span>
    </p>

    <p class='ocr_par' dir='ltr' id='par_1_35' title="bbox 157 3082 900 3160">
     <span class='ocr_line' id='line_1_36' title="bbox 157 3082 900 3160; baseline -0.005 -19"><span class='ocrx_word' id='word_1_224' title='bbox 157 3082 273 3142; x_wconf 81' lang='lat' dir='ltr'>Circum</span> <span class='ocrx_word' id='word_1_225' title='bbox 285 3103 389 3160; x_wconf 91' lang='lat' dir='ltr'>perque</span> <span class='ocrx_word' id='word_1_226' title='bbox 403 3084 472 3142; x_wconf 84' lang='lat' dir='ltr'>duas</span> <span class='ocrx_word' id='word_1_227' title='bbox 485 3084 516 3141; x_wconf 94' lang='lat' dir='ltr'>in</span> <span class='ocrx_word' id='word_1_228' title='bbox 529 3103 637 3142; x_wconf 91' lang='lat' dir='ltr'>morem</span> <span class='ocrx_word' id='word_1_229' title='bbox 650 3082 775 3140; x_wconf 89' lang='lat' dir='ltr'>fluminis</span> <span class='ocrx_word' id='word_1_230' title='bbox 788 3082 900 3150; x_wconf 86' lang='lat' dir='ltr'>Arctos,</span> 
     </span>
    </p>

    <p class='ocr_par' dir='ltr' id='par_1_36' title="bbox 156 3161 775 3240">
     <span class='ocr_line' id='line_1_37' title="bbox 156 3161 775 3240; baseline -0.003 -19"><span class='ocrx_word' id='word_1_231' title='bbox 156 3163 262 3221; x_wconf 83' lang='lat' dir='ltr'>Arctos</span> <span class='ocrx_word' id='word_1_232' title='bbox 275 3163 372 3221; x_wconf 90' lang='lat' dir='ltr'>oceani</span> <span class='ocrx_word' id='word_1_233' title='bbox 385 3167 545 3222; x_wconf 88' lang='lat' dir='ltr'>metuentes</span> <span class='ocrx_word' id='word_1_234' title='bbox 560 3181 671 3240; x_wconf 84' lang='lat' dir='ltr'>aequore</span> <span class='ocrx_word' id='word_1_235' title='bbox 683 3161 775 3239; x_wconf 86' lang='lat' dir='ltr'>tingi:</span> 
     </span>
    </p>

    <p class='ocr_par' dir='ltr' id='par_1_37' title="bbox 157 3242 856 3320">
     <span class='ocr_line' id='line_1_38' title="bbox 157 3242 856 3320; baseline -0.006 -20"><span class='ocrx_word' id='word_1_236' title='bbox 157 3242 232 3314; x_wconf 89' lang='lat' dir='ltr'>Illic,</span> <span class='ocrx_word' id='word_1_237' title='bbox 245 3245 280 3300; x_wconf 89' lang='lat' dir='ltr'>ut</span> <span class='ocrx_word' id='word_1_238' title='bbox 293 3242 451 3320; x_wconf 87' lang='lat' dir='ltr'>perhibent,</span> <span class='ocrx_word' id='word_1_239' title='bbox 466 3247 516 3301; x_wconf 89' lang='lat' dir='ltr'>aut</span> <span class='ocrx_word' id='word_1_240' title='bbox 529 3243 701 3320; x_wconf 86' lang='lat' dir='ltr'>intempesta</span> <span class='ocrx_word' id='word_1_241' title='bbox 713 3242 778 3300; x_wconf 89' lang='lat' dir='ltr'>silet</span> <span class='ocrx_word' id='word_1_242' title='bbox 791 3259 856 3310; x_wconf 85' lang='lat' dir='ltr'>nox,</span> 
     </span>
    </p>

    <p class='ocr_par' dir='ltr' id='par_1_38' title="bbox 158 3320 871 3399">
     <span class='ocr_line' id='line_1_39' title="bbox 158 3320 871 3399; baseline -0.008 -18"><span class='ocrx_word' id='word_1_243' title='bbox 158 3322 275 3399; x_wconf 87' lang='lat' dir='ltr'>Semper</span> <span class='ocrx_word' id='word_1_244' title='bbox 288 3325 318 3380; x_wconf 90' lang='lat' dir='ltr'>et</span> <span class='ocrx_word' id='word_1_245' title='bbox 331 3322 451 3381; x_wconf 90' lang='lat' dir='ltr'>obtenta</span> <span class='ocrx_word' id='word_1_246' title='bbox 463 3323 618 3381; x_wconf 90' lang='lat' dir='ltr'>densantur</span> <span class='ocrx_word' id='word_1_247' title='bbox 630 3324 715 3380; x_wconf 88' lang='lat' dir='ltr'>nocte</span> <span class='ocrx_word' id='word_1_248' title='bbox 727 3320 853 3379; x_wconf 85' lang='lat' dir='ltr'>tenebrae</span> <span class='ocrx_word' id='word_1_249' title='bbox 865 3342 871 3375; x_wconf 92' lang='lat'>:</span> 
     </span>
    </p>

    <p class='ocr_par' dir='ltr' id='par_1_39' title="bbox 157 3398 847 3478">
     <span class='ocr_line' id='line_1_40' title="bbox 157 3398 847 3478; baseline -0.007 -18"><span class='ocrx_word' id='word_1_250' title='bbox 157 3404 220 3460; x_wconf 84' lang='lat' dir='ltr'>Aut</span> <span class='ocrx_word' id='word_1_251' title='bbox 233 3401 309 3460; x_wconf 91' lang='lat' dir='ltr'>redit</span> <span class='ocrx_word' id='word_1_252' title='bbox 322 3402 433 3461; x_wconf 87' lang='lat' dir='ltr'>anobis</span> <span class='ocrx_word' id='word_1_253' title='bbox 446 3404 565 3474; x_wconf 88' lang='lat' dir='ltr'>Aurora,</span> <span class='ocrx_word' id='word_1_254' title='bbox 579 3403 708 3478; x_wconf 88' lang='lat' dir='ltr'>diemque</span> <span class='ocrx_word' id='word_1_255' title='bbox 722 3398 847 3469; x_wconf 89' lang='lat' dir='ltr'>reducit;</span> 
     </span>
    </p>

    <p class='ocr_par' dir='ltr' id='par_1_40' title="bbox 158 3475 918 3560">
     <span class='ocr_line' id='line_1_41' title="bbox 158 3475 918 3560; baseline -0.008 -20"><span class='ocrx_word' id='word_1_256' title='bbox 158 3482 277 3559; x_wconf 87' lang='lat' dir='ltr'>Nosque</span> <span class='ocrx_word' id='word_1_257' title='bbox 290 3482 340 3540; x_wconf 91' lang='lat' dir='ltr'>ubi</span> <span class='ocrx_word' id='word_1_258' title='bbox 352 3481 460 3560; x_wconf 89' lang='lat' dir='ltr'>primus</span> <span class='ocrx_word' id='word_1_259' title='bbox 474 3482 552 3560; x_wconf 91' lang='lat' dir='ltr'>equis</span> <span class='ocrx_word' id='word_1_260' title='bbox 566 3482 666 3541; x_wconf 89' lang='lat' dir='ltr'>Oriens</span> <span class='ocrx_word' id='word_1_261' title='bbox 680 3479 785 3538; x_wconf 85' lang='lat' dir='ltr'>afflavit</span> <span class='ocrx_word' id='word_1_262' title='bbox 799 3475 918 3548; x_wconf 86' lang='lat' dir='ltr'>anhelis,</span> 
     </span>
    </p>

    <p class='ocr_par' dir='ltr' id='par_1_41' title="bbox 158 3559 805 3636">
     <span class='ocr_line' id='line_1_42' title="bbox 158 3559 805 3636; baseline -0.006 -16"><span class='ocrx_word' id='word_1_263' title='bbox 158 3562 224 3622; x_wconf 88' lang='lat' dir='ltr'>Illic</span> <span class='ocrx_word' id='word_1_264' title='bbox 237 3581 300 3620; x_wconf 87' lang='lat' dir='ltr'>sera</span> <span class='ocrx_word' id='word_1_265' title='bbox 311 3562 415 3621; x_wconf 89' lang='lat' dir='ltr'>rubens</span> <span class='ocrx_word' id='word_1_266' title='bbox 428 3561 556 3621; x_wconf 86' lang='lat' dir='ltr'>accendit</span> <span class='ocrx_word' id='word_1_267' title='bbox 569 3561 677 3619; x_wconf 87' lang='lat' dir='ltr'>lumina</span> <span class='ocrx_word' id='word_1_268' title='bbox 689 3559 805 3636; x_wconf 88' lang='lat' dir='ltr'>Vesper.</span> 
     </span>
    </p>

    <p class='ocr_par' dir='ltr' id='par_1_42' title="bbox 158 3638 799 3718">
     <span class='ocr_line' id='line_1_43' title="bbox 158 3638 799 3718; baseline -0.006 -18"><span class='ocrx_word' id='word_1_269' title='bbox 158 3642 239 3702; x_wconf 86' lang='lat' dir='ltr'>Hinc</span> <span class='ocrx_word' id='word_1_270' title='bbox 252 3645 437 3718; x_wconf 82' lang='lat' dir='ltr'>tempestates</span> <span class='ocrx_word' id='word_1_271' title='bbox 451 3642 537 3699; x_wconf 92' lang='lat' dir='ltr'>dubio</span> <span class='ocrx_word' id='word_1_272' title='bbox 550 3640 715 3718; x_wconf 82' lang='lat' dir='ltr'>praediscere</span> <span class='ocrx_word' id='word_1_273' title='bbox 729 3638 799 3697; x_wconf 92' lang='lat' dir='ltr'>coelo</span> 
     </span>
    </p>

    <p class='ocr_par' dir='ltr' id='par_1_43' title="bbox 160 3715 983 3798">
     <span class='ocr_line' id='line_1_44' title="bbox 160 3715 983 3798; baseline -0.007 -19"><span class='ocrx_word' id='word_1_274' title='bbox 160 3722 326 3792; x_wconf 88' lang='lat' dir='ltr'>Possumus,</span> <span class='ocrx_word' id='word_1_275' title='bbox 338 3721 406 3780; x_wconf 92' lang='lat' dir='ltr'>hinc</span> <span class='ocrx_word' id='word_1_276' title='bbox 419 3721 573 3798; x_wconf 87' lang='lat' dir='ltr'>messisque</span> <span class='ocrx_word' id='word_1_277' title='bbox 587 3720 663 3778; x_wconf 90' lang='lat' dir='ltr'>diem</span> <span class='ocrx_word' id='word_1_278' title='bbox 675 3721 844 3796; x_wconf 88' lang='lat' dir='ltr'>tempusque</span> <span class='ocrx_word' id='word_1_279' title='bbox 857 3715 983 3785; x_wconf 90' lang='lat' dir='ltr'>serendi;</span> 
     </span>
    </p>
   </div>
   <div class='ocr_carea' id='block_1_3' title="bbox 159 3800 877 4041">
    <p class='ocr_par' dir='ltr' id='par_1_44' title="bbox 159 3800 877 4041">
     <span class='ocr_line' id='line_1_45' title="bbox 159 3800 849 3881; baseline -0.007 -22"><span class='ocrx_word' id='word_1_280' title='bbox 159 3802 202 3861; x_wconf 87' lang='lat' dir='ltr'>Et</span> <span class='ocrx_word' id='word_1_281' title='bbox 215 3802 329 3881; x_wconf 86' lang='lat' dir='ltr'>quaudo</span> <span class='ocrx_word' id='word_1_282' title='bbox 341 3801 462 3859; x_wconf 91' lang='lat' dir='ltr'>infidum</span> <span class='ocrx_word' id='word_1_283' title='bbox 474 3800 559 3859; x_wconf 90' lang='lat' dir='ltr'>remis</span> <span class='ocrx_word' id='word_1_284' title='bbox 571 3800 713 3877; x_wconf 90' lang='lat' dir='ltr'>impellere</span> <span class='ocrx_word' id='word_1_285' title='bbox 726 3817 849 3855; x_wconf 87' lang='lat' dir='ltr'>marmor</span> 
     </span>
     <span class='ocr_line' id='line_1_46' title="bbox 160 3878 877 3958; baseline -0.01 -18"><span class='ocrx_word' id='word_1_286' title='bbox 160 3880 336 3953; x_wconf 55' lang='lat' dir='ltr'>Conveniam</span> <span class='ocrx_word' id='word_1_287' title='bbox 356 3880 468 3958; x_wconf 92' lang='lat' dir='ltr'>quando</span> <span class='ocrx_word' id='word_1_288' title='bbox 482 3883 604 3938; x_wconf 80' lang='lat' dir='ltr'>armatas</span> <span class='ocrx_word' id='word_1_289' title='bbox 618 3879 753 3938; x_wconf 89' lang='lat' dir='ltr'>deducere</span> <span class='ocrx_word' id='word_1_290' title='bbox 767 3878 877 3947; x_wconf 85' lang='lat' dir='ltr'>classes,</span> 
     </span>
     <span class='ocr_line' id='line_1_47' title="bbox 162 3958 795 4041; baseline -0.003 -21"><span class='ocrx_word' id='word_1_291' title='bbox 162 3961 224 4020; x_wconf 81' lang='lat' dir='ltr'>Aut</span> <span class='ocrx_word' id='word_1_292' title='bbox 237 3960 441 4039; x_wconf 80' lang='lat' dir='ltr'>tempestivam</span> <span class='ocrx_word' id='word_1_293' title='bbox 454 3959 533 4018; x_wconf 86' lang='lat' dir='ltr'>silvis</span> <span class='ocrx_word' id='word_1_294' title='bbox 546 3963 672 4020; x_wconf 80' lang='lat' dir='ltr'>evertere</span> <span class='ocrx_word' id='word_1_295' title='bbox 683 3958 795 4041; x_wconf 91' lang='lat' dir='ltr'>pinum.</span> 
     </span>
    </p>
   </div>
   <div class='ocr_carea' id='block_1_4' title="bbox 0 0 1271 4298">
    <p class='ocr_par' dir='ltr' id='par_1_45' title="bbox 0 0 1271 4298">
     <span class='ocr_line' id='line_1_48' title="bbox 0 0 1271 4298; baseline 0 0"><span class='ocrx_word' id='word_1_296' title='bbox 0 0 1271 4298; x_wconf 95' lang='lat' dir='ltr'> </span> 
     </span>
    </p>
   </div>
  </div>
 </body>
</html>
