2506 4298
142 202 199 260 128
437 215 464 256 r.
479 213 619 257 macram
633 213 775 258 Minoris

143 359 227 432 Quod
240 357 340 436 pelago
354 360 384 416 et
397 357 490 415 curvis
504 377 599 416 secum
613 377 728 416 avexere
741 357 851 416 carinis.

142 440 185 497 Et
198 459 282 509 nunc,
297 439 372 515 quod
384 437 491 515 patrias
504 441 591 495 vento
604 437 710 514 petiere
723 437 871 515 Mycenas,

143 521 233 576 Arma
246 518 367 594 deosque
380 520 482 593 parant
496 517 623 587 comites,
636 516 792 594 pelagoque
805 534 933 576 remenso

143 597 297 676 Improvisi
310 597 439 654 aderrmt.
480 596 530 654 Ita
542 595 647 673 digerit
661 596 757 654 omina
770 595 897 656 Calchas.

143 677 230 736 Hanc
243 697 294 754 pro
308 676 446 748 Palladio,
460 675 572 747 moniti,
586 695 637 752 pro
650 676 767 734 numine
779 676 854 749 lasso,

144 757 279 834 Effigiem
293 759 427 828 statuere,
440 755 519 813 nefas
533 775 595 832 quae
608 754 692 813 triste
705 755 805 833 piaret.

143 837 231 894 Hanc
243 836 362 894 tamen
354 854 523 893 immensam
536 834 655 893 Calchas
669 833 799 894 attollere
812 836 917 894 molem
981 848 984 853 '

144 916 306 974 Roboribus
319 915 407 973 textis
409 915 551 991 ,caeloque
565 914 681 972 educere
691 914 786 992 jussit,

144 995 192 1054 Ne
204 996 290 1071 recipr
282 994 402 1071 portis,
416 997 467 1052 aut
480 992 566 1051 duci
558 1013 590 1050 m
602 993 708 1052 moenia
719 994 827 1071 possit;

145 1075 213 1134 Neu
225 1075 361 1153 populum
375 1074 492 1150 antiqua
505 1073 557 1131 sub
570 1073 705 1151 religione
717 1075 801 1132 tueri.

145 1154 233 1226 Nam,
247 1155 271 1212 si
283 1158 379 1213 vestra
391 1173 492 1211 manus
505 1153 638 1211 violasset
652 1153 726 1211 dona
740 1153 890 1226 Minerva,

146 1235 222 1292 Tum
235 1254 374 1311 magnum
387 1233 505 1292 exitium
523 1232 613 1310 (quod
626 1232 655 1289 di
667 1232 746 1309 prius
760 1253 844 1292 omen
856 1233 888 1291 in
899 1233 994 1311 ipsum

147 1313 323 1372 convertant
332 1314 353 1390 l)
376 1312 484 1370 Priami
496 1311 614 1389 imperio
628 1311 848 1391 Phrygibusque
860 1313 1000 1371 futurum.

147 1393 198 1451 Sin
211 1393 342 1451 manibus
354 1393 456 1451 vestris
469 1395 594 1450 vestram
607 1391 779 1451 ascendisset
791 1393 822 1451 in
835 1393 943 1466 urbem,

147 1473 234 1531 Ultro
247 1473 346 1530 Asiam
359 1491 464 1549 magno
478 1470 601 1548 Pelopea
613 1472 649 1529 ad
661 1471 768 1530 moenia
779 1473 853 1531 bello

146 1552 314 1624 Venturam,
328 1555 358 1611 et
371 1554 483 1610 nostros
497 1571 530 1609 ea
541 1551 602 1609 fata
614 1570 728 1609 manere
740 1552 876 1629 nepotes?

146 1629 264 1690 Talibus
276 1631 386 1690 insidiis
399 1630 557 1709 perjurique
570 1633 632 1689 arte
645 1630 758 1689 Sinonis

148 1710 264 1770 Credita
276 1731 329 1783 res,
343 1711 474 1789 captique
487 1709 558 1768 dolis
571 1709 749 1788 lacrimisque
762 1711 875 1784 coactis,

148 1791 226 1862 Quos
239 1810 329 1868 neque
344 1791 476 1868 Tydides,
489 1810 542 1848 nec
556 1789 710 1848 Larissaeus
723 1790 858 1865 Achilles,

147 1871 217 1930 Non
231 1870 298 1929 anni
311 1870 443 1929 domuere
457 1871 562 1942 decem,
575 1890 635 1929 non
647 1869 724 1928 mille
738 1870 848 1928 carina.

187 1955 204 1981 ‘⁴
213 1950 273 2009 Hic
286 1950 364 2008 aliud
375 1949 466 2027 majus
479 1948 588 2008 miseris
601 1949 750 2026 multoque
762 1950 943 2009 tremendum

149 2030 290 2107 Objioitur
302 2030 403 2107 magis,
416 2033 502 2106 atquc
515 2028 674 2106 improvida
685 2032 803 2105 pectora
814 2031 922 2089 turbat.

148 2109 289 2182 Laocoon,
303 2109 406 2167 ductus
419 2109 557 2186 Neptuno
570 2111 647 2167 sorte
659 2109 796 2180 sacerdos,

149 2189 293 2247 Solemnes
306 2191 422 2247 taurum
434 2188 581 2266 ingentem
595 2189 740 2247 mactabat
754 2190 790 2247 ad
803 2209 873 2247 aras.

148 2269 224 2327 Ecce
238 2271 335 2327 autem
343 2268 451 2346 gemini
464 2287 481 2325 a
494 2267 608 2327 Tenedo
621 2268 775 2344 tranquilla
786 2289 836 2346 per
849 2269 908 2327 aIta

152 2347 309 2424 (Horresco
322 2348 457 2424 referens)
473 2347 618 2406 immensis
631 2347 746 2406 orbibus
759 2368 866 2425 angues

149 2427 327 2485 Incumbunt
340 2428 449 2505 pelago,
461 2427 623 2504 pariterque
636 2426 671 2484 ad
684 2427 771 2486 litora
782 2429 924 2500 tendunt;

150 2507 275 2565 Pectora
287 2528 408 2584 quorum
420 2506 496 2565 inter
508 2507 613 2565 fluctus
627 2510 735 2565 arrecta
744 2507 877 2586 jubaeque

151 2586 318 2663 Sanguineae
331 2589 500 2663 exsuperant
514 2587 620 2644 undas·
614 2606 705 2663 ,pars
720 2590 814 2645 cetera
825 2591 949 2664 pontum

149 2666 230 2724 Pone
243 2666 323 2743 legit,
336 2666 527 2743 sinuantque
519 2685 658 2724 rmmensa
669 2666 813 2725 volumine
824 2670 924 2746 terga;

150 2746 202 2804 Fit
216 2747 334 2817 sonitus,
349 2749 499 2822 spumante
512 2745 580 2804 salo.
621 2746 745 2823 Jamque
758 2766 825 2804 arva
836 2747 983 2818 tenebant,

150 2824 346 2903 Ardentesque
360 2825 455 2884 oculos
469 2825 580 2884 suffecti
594 2825 731 2902 sanguine
744 2825 794 2884 et
786 2827 856 2903 igni,

150 2905 240 2963 Sibila
251 2906 415 2964 lambebant
427 2905 534 2983 linguis
546 2904 724 2963 vibrantibus
738 2925 795 2965 ora.

150 2985 366 3062 Diffugimus
339 3006 403 3042 vrsu
416 3004 587 3061 exsangues:
607 2984 650 3042 illi
662 2984 776 3062 agmine
789 2988 867 3059 certo

150 3063 315 3124 Laocoonta
325 3067 439 3142 petunt.
479 3064 522 3122 Et
535 3063 659 3141 primum
671 3084 758 3142 parva
771 3064 893 3124 duorum

151 3143 276 3221 Corpora
287 3148 421 3203 natorum
435 3164 548 3221 serpens
562 3144 707 3220 amplexus
720 3147 840 3222 uterque

150 3222 294 3315 Implicat,
309 3226 338 3281 et
351 3224 467 3283 miseros
480 3244 577 3282 morsu
589 3223 751 3300 depascitur
764 3227 860 3296 artus;

150 3302 244 3360 Post
236 3324 338 3379 rpsum‚
353 3303 456 3362 auxilio
470 3304 639 3362 subeuntem
652 3322 684 3361 ac
697 3303 756 3360 tela
768 3269 915 3374 ferentem,

152 3381 325 3460 Corripiunt,
339 3383 475 3460 spirisque
488 3383 582 3461 ligant
594 3383 776 3461 ingentibus;
796 3384 847 3442 et
835 3403 896 3462 Jam

150 3461 203 3519 Bis
216 3461 342 3520 medium
355 3463 484 3539 amplexi,
497 3463 542 3521 bis
555 3463 626 3522 collo
640 3482 774 3538 squamea
786 3463 893 3522 circum

151 3539 245 3618 Terga
258 3541 326 3610 dati,
341 3545 476 3618 superant
489 3542 581 3619 capite
595 3545 624 3601 et
638 3542 793 3600 cervicibus
807 3542 882 3601 altis.

151 3619 207 3678 Ille
220 3619 305 3678 simul
318 3584 448 3679 inanibus
461 3622 557 3680 tendit
570 3622 702 3681 divellere
715 3621 813 3694 nodos,

151 3698 288 3759 Perfusus
301 3699 378 3757 sanie
391 3699 480 3759 vittas
494 3704 611 3778 atroque
623 3720 750 3773 venen03

151 3777 295 3838 Clamores
309 3778 394 3837 simul
406 3780 562 3839 horrendos
574 3781 612 3839 ad
624 3780 717 3840 sidera
728 3779 824 3839 tollit:

151 3858 248 3930 Qualis
262 3858 392 3938 mugitus
394 3859 491 3937 ,fugit
504 3880 594 3937 quum
606 3860 717 3919 saucius
730 3880 809 3919 aram

142 3937 264 4017 Taurus,
280 3943 311 4002 et
322 3939 466 4002 incertam
479 3940 604 4002 excussit
617 3940 724 4001 cervice
735 3938 866 3999 secum
