2506 4298
467 249 640 298 BUCOHOA.·
673 250 741 294 ΕΟΙι.
756 252 793 295 11.

153 387 268 468 Impius
282 390 343 449 haec
355 393 418 449 tam
432 392 510 450 culta
522 392 634 451 novalia
647 394 728 453 miles
740 394 858 454 habebit
870 395 885 456 P

154 473 301 536 Barbarus
314 471 366 528 has
379 471 512 549 segetes?
532 493 576 544 en,
590 494 646 550 quo
659 474 799 533 discordia
811 475 885 535 cives
941 499 944 503 ·

153 551 301 614 Produxit
314 551 445 610 miseros!
467 573 511 623 cn,
525 553 603 629 queis
617 555 793 613 consevimus
806 558 905 633 agros!
963 590 965 594 Α

155 635 258 692 Insere
271 651 357 701 nunc,
371 631 513 704 Meliboee,
527 632 612 709 piros
624 654 699 711 pone
712 635 810 693 ordine
823 636 914 695 vites:

155 715 207 772 Ite
219 732 299 783 meae,
312 711 380 769 felix
394 711 536 788 quondam
548 732 643 789 pecus,
656 713 698 772 ite
711 714 832 791 capellae.

155 793 229 852 Non
242 811 296 868 ego
309 810 360 848 vos
372 792 501 868 posthac,
513 791 598 849 viridi
609 793 753 872 projectus
765 793 797 851 in
809 798 901 866 antro,

156 873 291 931 Dumosa
302 870 423 946 pendere
436 871 535 948 procul
548 871 583 930 de
596 892 666 949 rupe
678 873 797 944 videbo;

157 951 295 1011 Carmina
306 950 385 1008 nulls
397 969 513 1022 canam3
533 971 600 1022 non,
613 972 659 1010 me
672 955 813 1029 pascente,
827 954 948 1031 capellae,

158 1031 327 1090 Florentem
340 1029 466 1106 cytisum
478 1033 509 1088 et
522 1030 619 1089 salices
633 1033 754 1108 carpetis
767 1053 885 1092 amaras.

200 1111 268 1168 Tm.
282 1108 342 1167 Hic
349 1111 523 1170 tamenhanc
531 1114 757 1188 mecumpoteras
764 1113 934 1190 requiescere
942 1117 1056 1174 noctem

159 1189 277 1249 Fronde
291 1209 375 1265 super
387 1189 487 1261 viridi3
508 1192 576 1247 sunt
589 1191 671 1249 nobis
685 1191 768 1249 mitia
779 1212 872 1269 poma,

161 1269 311 1328 Castaneae
325 1267 437 1341 molles,
449 1272 479 1328 et
491 1270 582 1346 pressi
595 1270 676 1347 copia
688 1271 787 1342 lactis3

162 1350 206 1407 Et
215 1350 278 1428 jam
290 1367 404 1405 summa
416 1349 515 1425 procul
528 1349 659 1409 villarum
673 1350 797 1409 culmina
809 1351 930 1425 sinuant,

163 1429 345 1508 Majoresque
358 1427 464 1486 cadunt
478 1429 544 1487 altis
558 1429 592 1487 de
605 1430 752 1489 montibus
766 1431 882 1490 umbrae.

581 1619 699 1633 —nn

430 1762 593 1822 ECLOGA
612 1764 657 1824 11.
699 1763 858 1822 ALEXIS.

170 1902 195 1961 F
197 1919 352 1962 oumoseu
365 1905 463 1979 pastor
476 1901 609 1979 Corydon
622 1901 739 1960 ardebat
752 1901 864 1973 Alexin,

171 1983 296 2042 Delicias
310 1982 434 2053 domini3
453 2002 514 2054 nec,
528 1982 597 2059 quid
610 1985 744 2059 speraret,
758 1981 890 2040 habebat.

171 2064 299 2121 Tantum
312 2061 388 2119 inter
401 2061 509 2133 densas,
523 2063 656 2120 umbrosa
669 2061 823 2132 cacumina,
836 2061 917 2140 lagos

172 2142 294 2200 Assidue
306 2140 455 2213 veniebat3
475 2141 516 2200 ibi
528 2141 588 2200 haec
601 2141 748 2200 incondite
760 2141 837 2199 solus

169 2221 322 2280 Montibus
336 2222 366 2279 et
379 2221 457 2278 silvis
471 2221 566 2279 studio
576 2221 705 2299 jactabat
718 2221 816 2278 inani:

208 2307 225 2332 ‘⁴
237 2301 263 2358 O
277 2300 397 2359 crudelis
411 2300 503 2371 Alexi,
516 2300 590 2359 nihil
602 2321 667 2359 mea
679 2301 805 2358 carmina
818 2300 922 2359 curas?

168 2381 222 2440 Nil
233 2380 327 2439 nostri
339 2379 495 2438 miserere?
535 2379 614 2438 Mori
626 2401 673 2438 me
687 2380 807 2456 denique
821 2400 914 2457 coges.

168 2461 200 2518 N
200 2481 256 2518 unc
269 2459 357 2518 etiam
370 2460 490 2538 pecudes
503 2461 618 2518 umbras
631 2463 662 2518 et
675 2459 781 2536 frigore
793 2463 928 2536 captant;

168 2541 200 2598 N
200 2560 256 2598 unc
269 2539 373 2597 virides
386 2540 473 2597 etiam
487 2539 633 2599 occultant
647 2540 758 2616 spineta
769 2538 889 2598 lacertos
900 2565 906 2611 ;

168 2619 316 2696 Thestylis
329 2622 359 2677 et
371 2619 469 2696 rapido
483 2619 563 2677 fessis
576 2619 747 2678 messoribus
761 2621 834 2676 aestu

168 2699 246 2757 Allia
258 2699 468 2776 serpyllumque
481 2698 583 2757 herbas
597 2698 749 2758 contundit
763 2695 890 2757 olentes:

168 2780 211 2837 At
223 2799 337 2837 mecum
349 2778 449 2850 raucis,
462 2781 515 2836 tua
527 2778 596 2836 dum
608 2777 731 2855 vestigia
742 2777 844 2850 lustro,

169 2858 233 2918 Sole
247 2859 301 2916 sub
314 2857 426 2916 ardenti
439 2861 574 2916 resonent
586 2858 704 2916 arbusta
718 2857 829 2915 cicadis.

168 2938 274 2998 Nonne
287 2937 344 2995 fuit
358 2938 456 3009 sebius,
470 2937 567 2996 tristes
581 2937 767 3015 Amaryllidis
780 2937 848 3001 iras⁴

167 3019 266 3096 Atque
280 3018 400 3095 superba
411 3017 473 3095 pati
485 3017 625 3076 fastidia?
645 3036 740 3075 nonne
754 3015 930 3074 Menalcan?

169 3097 307 3171 Quamvis
319 3096 368 3156 ille
380 3097 470 3175 niger,
484 3097 612 3174 quamvis
625 3100 661 3155 tu
674 3095 809 3154 candidus
823 3115 906 3154 esses.

169 3178 195 3236 Ο
208 3178 331 3236 formose
343 3197 422 3253 puer,
435 3177 557 3234 nimium
569 3197 606 3235 ne
620 3176 701 3235 crede
714 3175 817 3234 colori!

168 3257 245 3316 Alba
256 3257 380 3333 ligustra
392 3256 498 3314 cadunt
510 3257 637 3315 vaccinia
649 3256 732 3334 nigra
743 3255 889 3331 legnmtur.

168 3337 330 3414 Despectus
342 3335 398 3394 tibi
411 3357 483 3407 sum,
495 3356 548 3394 nec
562 3337 611 3413 qui
625 3336 679 3394 sim
693 3335 803 3412 quaeris,
815 3333 916 3403 Alexi3

168 3417 263 3489 Quam
277 3415 355 3473 dives
369 3416 485 3492 pecoris
498 3416 574 3474 nivei
589 3435 675 3493 quam
687 3414 771 3472 lactis
785 3413 940 3472 abundans.

168 3495 252 3554 Mille
264 3514 336 3553 meae
349 3494 450 3553 Siculis
464 3498 559 3554 errant
572 3495 603 3552 in
616 3495 763 3552 montibus
777 3513 874 3571 agnae3

167 3575 227 3634 Irac
240 3574 313 3633 mihi
326 3594 384 3633 non
399 3577 500 3633 aestate
512 3595 628 3645 novum,
641 3594 697 3632 non
712 3572 817 3650 frigore
830 3573 909 3630 defit.

167 3654 272 3726 (lanto,
286 3675 349 3732 quae
362 3654 472 3726 solitus,
486 3655 510 3712 si
524 3655 636 3731 quando
649 3657 779 3712 armento
791 3652 921 3724 vocabat,

168 3733 318 3812 Amphion
331 3733 459 3792 Dircaeus
472 3733 504 3791 in
517 3733 616 3792 Actaeo
629 3732 807 3812 Aracyntho.

168 3814 233 3873 Nec
246 3832 312 3872 sum
325 3813 394 3872 adeo
407 3813 553 3886 informis,
573 3832 664 3890 nuper
676 3833 722 3871 me
735 3813 767 3870 in
779 3811 862 3870 litore
875 3808 943 3880 vidi,

169 3893 268 3966 Quum
279 3893 424 3971 placidum
436 3893 531 3952 ventis
544 3895 634 3951 staret
647 3912 741 3963 mare;
761 3912 820 3950 non
833 3910 887 3968 ego
901 3887 1047 3967 Daphnin,

169 3971 275 4034 Judice
287 3976 326 4046 te,
338 3975 473 4046 metuam,
486 3972 512 4030 si
523 3991 671 4052 nunquam
685 3971 768 4035 fallat
781 3971 888 4055 imago.
