2506 4298
141 232 180 290 48
423 248 760 292 111111111111101111

142 389 278 467 Populus,
291 391 322 449 et
335 388 436 467 glauca
448 390 580 449 canentia
591 391 690 450 fronde
704 390 813 450 salicta.

142 469 214 529 Pars
227 473 324 528 autem
336 470 429 547 posito
443 475 566 548 surgunt
579 470 614 529 de
628 472 751 542 semine3
771 474 806 529 ut
819 472 885 530 altae

143 549 298 621 Castanea,
311 570 514 627 nemorumque
528 549 550 608 J
550 550 597 608 ovi
610 570 674 627 quaa
686 550 810 609 maxima
822 552 935 612 frondet

144 629 287 700 AEsculus,
301 633 386 706 atque
399 630 505 687 habitae
519 630 613 687 Graiis
627 630 739 688 oracula
752 650 879 706 quercus

143 708 273 767 Pullulat
286 709 321 767 ab
335 709 427 767 radice
440 709 501 767 aliis
515 709 681 767 densissima
694 709 780 768 silva:

143 789 188 847 Ut
201 788 302 848 cerasis
315 789 471 864 ulmisque3
491 788 578 847 etiam
592 789 727 846 Parnasia
739 789 834 848 laurus

144 868 239 927 Parva
250 868 304 926 sub
317 868 428 945 ingenti
441 868 542 926 11111111
556 887 586 926 11
600 868 714 945 subjicit
727 870 837 928 umbra.

144 948 209 1007 Hos
222 950 326 1006 natura
338 948 437 1006 modos
450 948 574 1025 primum
588 947 684 1019 dedit;
704 949 748 1006 his
763 969 853 1026 genus
867 970 950 1012 omne

145 1028 286 1086 Silvarum
299 1027 490 1104 fruticumque
503 1027 577 1086 viret
590 1048 793 1105 nemorumque
807 1050 959 1090 sacrorum.

185 1107 259 1166 Sunt
273 1107 328 1178 alii,
343 1127 412 1184 quos
425 1107 485 1184 ipse
498 1107 545 1164 via
557 1106 611 1165 sibi
623 1108 727 1184 reperit
741 1129 817 1167 usus.

144 1187 205 1245 Hic
218 1188 329 1264 plantas
342 1189 440 1245 tenero
454 1186 618 1245 abscindens
633 1187 667 1244 de
681 1207 795 1264 corpore
809 1192 934 1249 matrum

145 1267 287 1344 Deposuit
300 1265 401 1338 sulcis3
424 1266 471 1324 hic
485 1266 587 1343 stirpes
600 1266 695 1324 obruit
709 1287 784 1339 1110,

146 1346 378 1422 Quadrifidasque
392 1346 483 1418 sudes,
497 1349 526 1404 et
540 1349 624 1404 acuto
637 1346 736 1404 robore
749 1347 854 1420 vallos3

146 1426 342 1502 Silvarumque
356 1425 416 1483 aliae
429 1445 539 1503 pressos
552 1425 715 1502 propaginis
729 1446 809 1484 arcus

145 1506 325 1583 Exspectant
338 1508 368 1563 et
380 1505 446 1562 viva
459 1525 510 1562 sua
522 1504 662 1582 plantaria
674 1509 759 1563 terra.

146 1585 200 1644 Nil
212 1585 314 1643 radicis
327 1588 413 1662 egent
426 1584 489 1642 aliae
502 1608 508 1655 ;
529 1604 727 1660 summumque
740 1588 858 1662 putator

146 1665 237 1723 Haud
250 1665 365 1722 dubitat
377 1667 462 1722 terre
476 1663 598 1722 referens
613 1665 745 1722 mandare
759 1685 901 1738 cacumen,

148 1745 223 1817 Quin
238 1748 268 1803 et
282 1744 442 1802 caudicibus
456 1744 549 1814 sectis,
563 1743 690 1801 mirabile
704 1743 791 1817 dictu,

147 1824 286 1883 Truditur
299 1844 315 1882 e
328 1823 401 1882 sicco
415 1823 495 1881 radix
508 1822 636 1900 oleagina
648 1822 736 1899 ligno.

147 1905 190 1963 Et
204 1923 277 1981 saepe
290 1903 405 1962 alterius
419 1923 511 1960 ramos
524 1902 640 1979 impune
653 1902 782 1960 videmus

147 1984 266 2043 Vertere
279 1983 309 2040 in
323 1982 455 2053 alterius3
475 1984 672 2057 mutatamque
685 1982 773 2040 insita
786 1982 861 2040 mala

149 2063 236 2122 Ferre
249 2063 352 2141 pirum,
365 2064 395 2120 11
408 2061 507 2139 prunis
520 2061 646 2138 lapidosa
658 2061 803 2119 rubescere
818 2083 911 2121 corna.

189 2140 282 2215 Quare
296 2141 372 2219 agite
386 2161 412 2212 0,
425 2140 552 2219 proprios
566 2140 723 2217 generatim
737 2141 837 2199 discite
851 2143 954 2216 cultus,

148 2222 302 2300 Agricolae,
316 2223 481 2297 fructusque
494 2220 567 2277 feros
580 2219 690 2278 mollite
703 2220 836 2292 colend03

149 2302 217 2361 Neu
230 2321 329 2379 segnes
338 2300 453 2377 jaceant
464 2302 556 2357 terrae.
597 2298 688 2357 Juvat
702 2299 812 2357 Ismara
825 2300 939 2361 Baccho

149 2381 310 2451 Conserere
324 2384 410 2456 atque
423 2379 484 2437 olea
496 2398 633 2455 magnum
646 2378 750 2437 vestire
764 2380 938 2440 Taburnum.

150 2462 250 2537 Tuque
264 2461 338 2530 adea,
351 2460 552 2536 inceptumque
565 2478 622 2516 una
635 2458 750 2516 decurre
763 2458 897 2533 laborem,

151 2541 177 2598 Ο
191 2541 283 2611 decus,
298 2560 315 2598 o
328 2539 413 2596 famae
426 2538 529 2596 merito
542 2558 606 2615 pars
621 2538 744 2595 maxima
756 2543 871 2612 nostrae,

151 2620 302 2690 Maecenas,
316 2619 470 2696 pelagoque
483 2617 581 2674 volans
595 2617 631 2674 da
644 2617 706 2675 vela
718 2618 838 2694 patenti.

151 2700 220 2759 Non
234 2718 287 2776 ego
301 2701 404 2757 cuncta
417 2696 487 2755 meis
500 2696 634 2774 amplecti
647 2697 774 2754 versibus
788 2701 873 2774 opt03

151 2779 229 2850 Non,
243 2778 315 2836 mihi
328 2777 352 2836 si
364 2778 471 2854 linguae
484 2779 599 2834 centum
613 2776 680 2847 sint,
695 2797 797 2853 oraque
811 2781 936 2852 centum,

152 2858 257 2918 Ferrea
269 2878 340 2916 vox:
362 2857 436 2927 ades,
450 2859 480 2914 et
493 2856 578 2932 primi
591 2855 654 2932 lege
667 2856 758 2914 litoris
772 2876 859 2914 oram.

151 2938 189 2996 In
203 2937 333 2996 manibus
346 2940 446 2994 terrae:
467 2955 526 2992 non
545 2935 592 2992 hic
611 2940 642 2992 11
656 2935 778 2993 carmine
792 2936 860 2994 ficto

151 3018 249 3094 Atque
262 3036 312 3094 per
325 3016 458 3093 ambages
472 3017 502 3072 et
514 3015 601 3091 longa
614 3034 711 3072 exorsa
723 3015 835 3073 tenebo.

192 3097 300 3174 Sponte
313 3116 364 3153 sua
377 3115 441 3172 quae
456 3114 485 3152 se
498 3094 606 3151 tollunt
619 3093 650 3150 in
663 3093 778 3152 luminis
792 3115 862 3166 oras,

152 3176 310 3235 Infecunda
323 3175 446 3252 quidem,
460 3174 510 3232 sed
521 3174 590 3231 laeta
602 3176 633 3231 et
646 3173 732 3231 fortia
745 3178 885 3252 surgunt3

152 3255 263 3333 Quippe
277 3255 336 3313 1010
350 3257 453 3312 natura
466 3253 572 3311 subest.
613 3252 721 3310 Tamen
734 3252 797 3311 haec
812 3274 923 3330 quoque
936 3254 962 3312 si
975 3255 1040 3333 quis

152 3336 274 3405 Inserat,
287 3338 338 3392 aut
351 3333 496 3392 scrobibus
509 3332 626 3390 mandet
639 3335 753 3390 mutata
765 3334 898 3404 subactis,

151 3414 294 3473 Exuerint
307 3413 464 3471 silvestrem
478 3412 605 3469 animum
616 3435 624 3482 ;
644 3412 778 3489 cultuque
791 3412 933 3488 frequenti

153 3494 191 3552 In
205 3512 395 3571 quascumque
408 3511 490 3549 voces
504 3495 578 3549 artes
592 3490 668 3548 haud
681 3491 765 3548 tarda
777 3495 939 3567 sequentur.

152 3574 216 3632 Nec
229 3592 288 3630 non
301 3574 331 3630 ct
345 3570 457 3643 sterilis,
470 3588 534 3646 quae
547 3570 683 3647 stirpibus
696 3570 755 3628 exit
769 3571 805 3628 ab
818 3571 892 3644 imis,

153 3653 220 3711 Hoc
234 3651 327 3722 faciet,
341 3670 444 3708 vacuos
457 3650 482 3706 si
495 3650 533 3706 sit
547 3648 658 3726 digesta
670 3669 721 3726 per
734 3669 833 3726 agros:

153 3733 241 3791 Nunc
255 3732 322 3790 altae
335 3729 448 3788 frondes
461 3733 491 3787 et
504 3728 576 3786 rami
588 3728 688 3787 matris
702 3732 831 3806 opacant,

153 3811 354 3886 crescentique
367 3809 498 3867 adimunt
511 3807 596 3879 fetus,
609 3812 753 3885 unmtque
766 3808 915 3868 ferentem.

151 3891 230 3963 Jam,
245 3911 308 3970 quse
321 3888 476 3948 seminibus
485 3886 572 3965 jactis
585 3906 615 3945 se
629 3887 748 3945 sustulit
761 3887 852 3960 arbos,

141 3970 239 4031 Tarda
252 3969 343 4045 111111,
357 3968 430 4031 seris
442 3968 558 4030 factura
567 3966 721 4048 nepotibus
731 3967 884 4038 umbram
