<?xml version="1.0" encoding="UTF-8"?>
<!DOCTYPE html PUBLIC "-//W3C//DTD XHTML 1.0 Transitional//EN"
    "http://www.w3.org/TR/xhtml1/DTD/xhtml1-transitional.dtd">
<html xmlns="http://www.w3.org/1999/xhtml" xml:lang="en" lang="en">
 <head>
  <title>
</title>
<meta http-equiv="Content-Type" content="text/html;charset=utf-8" />
  <meta name='ocr-system' content='tesseract 3.04.00' />
  <meta name='ocr-capabilities' content='ocr_page ocr_carea ocr_par ocr_line ocrx_word'/>
</head>
<body>
  <div class='ocr_page' id='page_1' title='image "./workspubliusvir00thomgoog_0392.png"; bbox 0 0 2506 4298; ppageno 0'>
   <div class='ocr_carea' id='block_1_1' title="bbox 168 243 805 302">
    <p class='ocr_par' dir='ltr' id='par_1_1' title="bbox 168 243 805 302">
     <span class='ocr_line' id='line_1_1' title="bbox 168 243 805 302; baseline -0.003 -1"><span class='ocrx_word' id='word_1_1' title='bbox 168 243 228 302; x_wconf 84' lang='lat'>358</span> <span class='ocrx_word' id='word_1_2' title='bbox 467 258 494 301; x_wconf 79' lang='lat' dir='ltr'>r.</span> <span class='ocrx_word' id='word_1_3' title='bbox 509 257 650 301; x_wconf 81' lang='lat' dir='ltr'>vraamn</span> <span class='ocrx_word' id='word_1_4' title='bbox 663 258 805 300; x_wconf 77' lang='lat' dir='ltr'>uaaoms</span> 
     </span>
    </p>
   </div>
   <div class='ocr_carea' id='block_1_2' title="bbox 138 400 1009 4076">
    <p class='ocr_par' dir='ltr' id='par_1_2' title="bbox 171 400 798 477">
     <span class='ocr_line' id='line_1_2' title="bbox 171 400 798 477; baseline 0.002 -20"><span class='ocrx_word' id='word_1_5' title='bbox 171 400 296 477; x_wconf 90' lang='lat' dir='ltr'>Imperio</span> <span class='ocrx_word' id='word_1_6' title='bbox 310 400 424 471; x_wconf 87' lang='lat' dir='ltr'>accitos,</span> <span class='ocrx_word' id='word_1_7' title='bbox 438 400 498 458; x_wconf 90' lang='lat' dir='ltr'>alta</span> <span class='ocrx_word' id='word_1_8' title='bbox 510 401 586 458; x_wconf 88' lang='lat' dir='ltr'>intra</span> <span class='ocrx_word' id='word_1_9' title='bbox 598 400 698 458; x_wconf 88' lang='lat' dir='ltr'>limina</span> <span class='ocrx_word' id='word_1_10' title='bbox 711 401 798 477; x_wconf 86' lang='lat' dir='ltr'>cogit.</span> 
     </span>
    </p>

    <p class='ocr_par' dir='ltr' id='par_1_3' title="bbox 170 479 813 558">
     <span class='ocr_line' id='line_1_3' title="bbox 170 479 813 558; baseline -0.002 -21"><span class='ocrx_word' id='word_1_11' title='bbox 170 480 228 537; x_wconf 91' lang='lat' dir='ltr'>Olli</span> <span class='ocrx_word' id='word_1_12' title='bbox 241 499 404 551; x_wconf 86' lang='lat' dir='ltr'>convenere,</span> <span class='ocrx_word' id='word_1_13' title='bbox 417 480 567 557; x_wconf 93' lang='lat' dir='ltr'>fluuntque</span> <span class='ocrx_word' id='word_1_14' title='bbox 582 480 618 537; x_wconf 93' lang='lat' dir='ltr'>ad</span> <span class='ocrx_word' id='word_1_15' title='bbox 630 481 709 558; x_wconf 89' lang='lat' dir='ltr'>regia</span> <span class='ocrx_word' id='word_1_16' title='bbox 721 479 813 557; x_wconf 87' lang='lat' dir='ltr'>plenis</span> 
     </span>
    </p>

    <p class='ocr_par' dir='ltr' id='par_1_4' title="bbox 168 559 925 1033">
     <span class='ocr_line' id='line_1_4' title="bbox 169 559 898 632; baseline 0 -15"><span class='ocrx_word' id='word_1_17' title='bbox 169 559 259 618; x_wconf 80' lang='lat' dir='ltr'>Tecta</span> <span class='ocrx_word' id='word_1_18' title='bbox 271 560 333 617; x_wconf 90' lang='lat' dir='ltr'>viis.</span> <span class='ocrx_word' id='word_1_19' title='bbox 374 559 460 618; x_wconf 88' lang='lat' dir='ltr'>Sedet</span> <span class='ocrx_word' id='word_1_20' title='bbox 473 560 504 618; x_wconf 96' lang='lat' dir='ltr'>in</span> <span class='ocrx_word' id='word_1_21' title='bbox 518 560 618 618; x_wconf 91' lang='lat' dir='ltr'>mediis</span> <span class='ocrx_word' id='word_1_22' title='bbox 631 563 661 617; x_wconf 88' lang='lat' dir='ltr'>et</span> <span class='ocrx_word' id='word_1_23' title='bbox 674 560 814 617; x_wconf 83' lang='lat' dir='ltr'>maximus</span> <span class='ocrx_word' id='word_1_24' title='bbox 828 579 898 632; x_wconf 88' lang='lat' dir='ltr'>aev0,</span> 
     </span>
     <span class='ocr_line' id='line_1_5' title="bbox 169 639 906 716; baseline 0.001 -20"><span class='ocrx_word' id='word_1_25' title='bbox 169 639 211 697; x_wconf 84' lang='lat' dir='ltr'>Et</span> <span class='ocrx_word' id='word_1_26' title='bbox 224 639 333 716; x_wconf 92' lang='lat' dir='ltr'>primus</span> <span class='ocrx_word' id='word_1_27' title='bbox 347 639 474 716; x_wconf 76' lang='lat' dir='ltr'>sceptris,</span> <span class='ocrx_word' id='word_1_28' title='bbox 487 639 565 697; x_wconf 93' lang='lat' dir='ltr'>haud</span> <span class='ocrx_word' id='word_1_29' title='bbox 577 639 645 697; x_wconf 87' lang='lat' dir='ltr'>laeta</span> <span class='ocrx_word' id='word_1_30' title='bbox 657 639 760 710; x_wconf 84' lang='lat' dir='ltr'>fronte,</span> <span class='ocrx_word' id='word_1_31' title='bbox 774 639 906 697; x_wconf 89' lang='lat' dir='ltr'>Latinus.</span> 
     </span>
     <span class='ocr_line' id='line_1_6' title="bbox 168 708 844 797; baseline 0.001 -22"><span class='ocrx_word' id='word_1_32' title='bbox 168 719 265 795; x_wconf 89' lang='lat' dir='ltr'>Atque</span> <span class='ocrx_word' id='word_1_33' title='bbox 278 719 326 777; x_wconf 88' lang='lat' dir='ltr'>hic</span> <span class='ocrx_word' id='word_1_34' title='bbox 338 719 448 797; x_wconf 85' lang='lat' dir='ltr'>legatos</span> <span class='ocrx_word' id='word_1_35' title='bbox 462 708 569 777; x_wconf 62' lang='lat' dir='ltr'>AEtoll</span> <span class='ocrx_word' id='word_1_36' title='bbox 574 737 608 776; x_wconf 85' lang='lat' dir='ltr'>ex</span> <span class='ocrx_word' id='word_1_37' title='bbox 621 719 691 776; x_wconf 93' lang='lat' dir='ltr'>urbe</span> <span class='ocrx_word' id='word_1_38' title='bbox 704 718 844 789; x_wconf 89' lang='lat' dir='ltr'>remissos,</span> 
     </span>
     <span class='ocr_line' id='line_1_7' title="bbox 169 798 878 876; baseline -0.001 -20"><span class='ocrx_word' id='word_1_39' title='bbox 169 798 239 869; x_wconf 80' lang='lat' dir='ltr'>Quae</span> <span class='ocrx_word' id='word_1_40' title='bbox 251 799 383 869; x_wconf 85' lang='lat' dir='ltr'>referant,</span> <span class='ocrx_word' id='word_1_41' title='bbox 397 798 450 856; x_wconf 85' lang='lat' dir='ltr'>fari</span> <span class='ocrx_word' id='word_1_42' title='bbox 459 799 552 876; x_wconf 87' lang='lat' dir='ltr'>jubet,</span> <span class='ocrx_word' id='word_1_43' title='bbox 566 801 596 855; x_wconf 90' lang='lat' dir='ltr'>et</span> <span class='ocrx_word' id='word_1_44' title='bbox 609 817 743 875; x_wconf 84' lang='lat' dir='ltr'>responsa</span> <span class='ocrx_word' id='word_1_45' title='bbox 755 798 878 875; x_wconf 89' lang='lat' dir='ltr'>reposcit</span> 
     </span>
     <span class='ocr_line' id='line_1_8' title="bbox 169 877 925 954; baseline 0 -20"><span class='ocrx_word' id='word_1_46' title='bbox 169 877 392 953; x_wconf 20' lang='lat' dir='ltr'>Ordinelcuuota</span> <span class='ocrx_word' id='word_1_47' title='bbox 404 898 464 935; x_wconf 91' lang='lat' dir='ltr'>suo.</span> <span class='ocrx_word' id='word_1_48' title='bbox 505 877 581 934; x_wconf 84' lang='lat' dir='ltr'>Tum</span> <span class='ocrx_word' id='word_1_49' title='bbox 594 877 671 936; x_wconf 84' lang='lat' dir='ltr'>facta</span> <span class='ocrx_word' id='word_1_50' title='bbox 684 878 797 935; x_wconf 91' lang='lat' dir='ltr'>silentia</span> <span class='ocrx_word' id='word_1_51' title='bbox 809 877 925 954; x_wconf 92' lang='lat' dir='ltr'>linguis.</span> 
     </span>
     <span class='ocr_line' id='line_1_9' title="bbox 168 956 804 1033; baseline 0 -19"><span class='ocrx_word' id='word_1_52' title='bbox 168 956 211 1015; x_wconf 82' lang='lat' dir='ltr'>Et</span> <span class='ocrx_word' id='word_1_53' title='bbox 223 957 351 1015; x_wconf 89' lang='lat' dir='ltr'>Venulus</span> <span class='ocrx_word' id='word_1_54' title='bbox 365 957 442 1016; x_wconf 88' lang='lat' dir='ltr'>dicto</span> <span class='ocrx_word' id='word_1_55' title='bbox 456 977 556 1033; x_wconf 88' lang='lat' dir='ltr'>parens</span> <span class='ocrx_word' id='word_1_56' title='bbox 569 957 612 1014; x_wconf 89' lang='lat' dir='ltr'>ita</span> <span class='ocrx_word' id='word_1_57' title='bbox 624 957 707 1015; x_wconf 88' lang='lat' dir='ltr'>sarier</span> <span class='ocrx_word' id='word_1_58' title='bbox 720 957 804 1015; x_wconf 91' lang='lat' dir='ltr'>infit:</span> 
     </span>
    </p>

    <p class='ocr_par' dir='ltr' id='par_1_5' title="bbox 167 1035 979 1432">
     <span class='ocr_line' id='line_1_10' title="bbox 208 1035 979 1114; baseline 0 -21"><span class='ocrx_word' id='word_1_59' title='bbox 208 1041 224 1066; x_wconf 81' lang='lat'>‘⁴</span> <span class='ocrx_word' id='word_1_60' title='bbox 235 1036 375 1108; x_wconf 86' lang='lat' dir='ltr'>Vidimus,</span> <span class='ocrx_word' id='word_1_61' title='bbox 389 1057 406 1095; x_wconf 95' lang='lat' dir='ltr'>o</span> <span class='ocrx_word' id='word_1_62' title='bbox 421 1037 504 1107; x_wconf 89' lang='lat' dir='ltr'>cives,</span> <span class='ocrx_word' id='word_1_63' title='bbox 518 1035 688 1094; x_wconf 85' lang='lat' dir='ltr'>Diomedem</span> <span class='ocrx_word' id='word_1_64' title='bbox 701 1037 865 1114; x_wconf 89' lang='lat' dir='ltr'>Argivaque</span> <span class='ocrx_word' id='word_1_65' title='bbox 879 1038 979 1107; x_wconf 89' lang='lat' dir='ltr'>castra,</span> 
     </span>
     <span class='ocr_line' id='line_1_11' title="bbox 167 1116 880 1215; baseline 0.001 -42"><span class='ocrx_word' id='word_1_66' title='bbox 167 1117 264 1192; x_wconf 89' lang='lat' dir='ltr'>Atque</span> <span class='ocrx_word' id='word_1_67' title='bbox 277 1117 333 1174; x_wconf 91' lang='lat' dir='ltr'>iter</span> <span class='ocrx_word' id='word_1_68' title='bbox 345 1116 452 1174; x_wconf 83' lang='lat' dir='ltr'>emensi</span> <span class='ocrx_word' id='word_1_69' title='bbox 466 1136 546 1173; x_wconf 89' lang='lat' dir='ltr'>casus</span> <span class='ocrx_word' id='word_1_70' title='bbox 560 1116 753 1215; x_wconf 74' lang='lat' dir='ltr'>superavimus</span> <span class='ocrx_word' id='word_1_71' title='bbox 767 1136 880 1186; x_wconf 84' lang='lat' dir='ltr'>omues3</span> 
     </span>
     <span class='ocr_line' id='line_1_12' title="bbox 169 1195 927 1273; baseline 0.003 -21"><span class='ocrx_word' id='word_1_72' title='bbox 169 1195 404 1273; x_wconf 81' lang='lat' dir='ltr'>Contigimusque</span> <span class='ocrx_word' id='word_1_73' title='bbox 419 1215 544 1267; x_wconf 90' lang='lat' dir='ltr'>manum,</span> <span class='ocrx_word' id='word_1_74' title='bbox 559 1216 614 1272; x_wconf 93' lang='lat' dir='ltr'>qua</span> <span class='ocrx_word' id='word_1_75' title='bbox 627 1195 751 1254; x_wconf 77' lang='lat' dir='ltr'>concidit</span> <span class='ocrx_word' id='word_1_76' title='bbox 766 1196 821 1254; x_wconf 92' lang='lat' dir='ltr'>llia</span> <span class='ocrx_word' id='word_1_77' title='bbox 833 1196 927 1254; x_wconf 87' lang='lat' dir='ltr'>tellus.</span> 
     </span>
     <span class='ocr_line' id='line_1_13' title="bbox 168 1275 943 1354; baseline 0.004 -23"><span class='ocrx_word' id='word_1_78' title='bbox 168 1275 222 1333; x_wconf 90' lang='lat' dir='ltr'>llle</span> <span class='ocrx_word' id='word_1_79' title='bbox 235 1276 336 1333; x_wconf 91' lang='lat' dir='ltr'>urbem</span> <span class='ocrx_word' id='word_1_80' title='bbox 349 1275 531 1352; x_wconf 82' lang='lat' dir='ltr'>Argyripam,</span> <span class='ocrx_word' id='word_1_81' title='bbox 545 1275 644 1352; x_wconf 87' lang='lat' dir='ltr'>patriae</span> <span class='ocrx_word' id='word_1_82' title='bbox 658 1276 826 1352; x_wconf 85' lang='lat' dir='ltr'>cognomine</span> <span class='ocrx_word' id='word_1_83' title='bbox 839 1276 943 1354; x_wconf 84' lang='lat' dir='ltr'>gentis,</span> 
     </span>
     <span class='ocr_line' id='line_1_14' title="bbox 167 1353 790 1432; baseline 0.008 -24"><span class='ocrx_word' id='word_1_84' title='bbox 167 1354 268 1414; x_wconf 89' lang='lat' dir='ltr'>Victor</span> <span class='ocrx_word' id='word_1_85' title='bbox 281 1355 408 1432; x_wconf 82' lang='lat' dir='ltr'>Gargeni</span> <span class='ocrx_word' id='word_1_86' title='bbox 421 1355 561 1413; x_wconf 87' lang='lat' dir='ltr'>condebat</span> <span class='ocrx_word' id='word_1_87' title='bbox 575 1353 693 1432; x_wconf 85' lang='lat' dir='ltr'>Iapygis</span> <span class='ocrx_word' id='word_1_88' title='bbox 707 1355 790 1413; x_wconf 89' lang='lat' dir='ltr'>arvis.</span> 
     </span>
    </p>

    <p class='ocr_par' dir='ltr' id='par_1_6' title="bbox 166 1434 970 1750">
     <span class='ocr_line' id='line_1_15' title="bbox 167 1434 951 1512; baseline 0.004 -21"><span class='ocrx_word' id='word_1_89' title='bbox 167 1434 326 1512; x_wconf 93' lang='lat' dir='ltr'>Postquam</span> <span class='ocrx_word' id='word_1_90' title='bbox 339 1435 514 1512; x_wconf 71' lang='lat' dir='ltr'>introgressi,</span> <span class='ocrx_word' id='word_1_91' title='bbox 528 1437 558 1493; x_wconf 91' lang='lat' dir='ltr'>et</span> <span class='ocrx_word' id='word_1_92' title='bbox 571 1454 667 1492; x_wconf 87' lang='lat' dir='ltr'>coram</span> <span class='ocrx_word' id='word_1_93' title='bbox 680 1435 748 1492; x_wconf 89' lang='lat' dir='ltr'>data</span> <span class='ocrx_word' id='word_1_94' title='bbox 761 1434 842 1511; x_wconf 91' lang='lat' dir='ltr'>copia</span> <span class='ocrx_word' id='word_1_95' title='bbox 854 1434 951 1494; x_wconf 86' lang='lat' dir='ltr'>fandi:</span> 
     </span>
     <span class='ocr_line' id='line_1_16' title="bbox 168 1513 956 1591; baseline 0.003 -21"><span class='ocrx_word' id='word_1_96' title='bbox 168 1513 291 1573; x_wconf 89' lang='lat' dir='ltr'>Munera</span> <span class='ocrx_word' id='word_1_97' title='bbox 303 1514 487 1591; x_wconf 77' lang='lat' dir='ltr'>praeferimus,</span> <span class='ocrx_word' id='word_1_98' title='bbox 500 1534 604 1572; x_wconf 92' lang='lat' dir='ltr'>nomen</span> <span class='ocrx_word' id='word_1_99' title='bbox 617 1513 795 1591; x_wconf 76' lang='lat' dir='ltr'>patriamque</span> <span class='ocrx_word' id='word_1_100' title='bbox 808 1514 956 1587; x_wconf 89' lang='lat' dir='ltr'>docemus;</span> 
     </span>
     <span class='ocr_line' id='line_1_17' title="bbox 168 1593 970 1672; baseline 0.001 -20"><span class='ocrx_word' id='word_1_101' title='bbox 168 1593 224 1664; x_wconf 80' lang='lat' dir='ltr'>Qui</span> <span class='ocrx_word' id='word_1_102' title='bbox 236 1595 344 1652; x_wconf 90' lang='lat' dir='ltr'>bellum</span> <span class='ocrx_word' id='word_1_103' title='bbox 357 1594 516 1665; x_wconf 77' lang='lat' dir='ltr'>intulerint,</span> <span class='ocrx_word' id='word_1_104' title='bbox 531 1613 592 1669; x_wconf 84' lang='lat' dir='ltr'>quae</span> <span class='ocrx_word' id='word_1_105' title='bbox 606 1613 690 1652; x_wconf 89' lang='lat' dir='ltr'>causa</span> <span class='ocrx_word' id='word_1_106' title='bbox 703 1594 854 1652; x_wconf 82' lang='lat' dir='ltr'>attraxerit</span> <span class='ocrx_word' id='word_1_107' title='bbox 867 1595 970 1672; x_wconf 83' lang='lat' dir='ltr'>Arpos.</span> 
     </span>
     <span class='ocr_line' id='line_1_18' title="bbox 166 1673 810 1750; baseline 0.003 -20"><span class='ocrx_word' id='word_1_108' title='bbox 166 1673 283 1732; x_wconf 86' lang='lat' dir='ltr'>Auditis</span> <span class='ocrx_word' id='word_1_109' title='bbox 296 1674 345 1732; x_wconf 92' lang='lat' dir='ltr'>ille</span> <span class='ocrx_word' id='word_1_110' title='bbox 357 1673 418 1732; x_wconf 88' lang='lat' dir='ltr'>haec</span> <span class='ocrx_word' id='word_1_111' title='bbox 431 1673 542 1750; x_wconf 82' lang='lat' dir='ltr'>placido</span> <span class='ocrx_word' id='word_1_112' title='bbox 556 1673 595 1731; x_wconf 91' lang='lat' dir='ltr'>sic</span> <span class='ocrx_word' id='word_1_113' title='bbox 609 1673 733 1731; x_wconf 90' lang='lat' dir='ltr'>reddidit</span> <span class='ocrx_word' id='word_1_114' title='bbox 746 1694 810 1732; x_wconf 91' lang='lat' dir='ltr'>ore:</span> 
     </span>
    </p>

    <p class='ocr_par' dir='ltr' id='par_1_7' title="bbox 168 1752 758 1830">
     <span class='ocr_line' id='line_1_19' title="bbox 168 1752 758 1830; baseline 0 -20"><span class='ocrx_word' id='word_1_115' title='bbox 168 1754 210 1810; x_wconf 76' lang='grc' dir='ltr'>ίΟ</span> <span class='ocrx_word' id='word_1_116' title='bbox 223 1754 378 1812; x_wconf 77' lang='lat' dir='ltr'>fortunata</span> <span class='ocrx_word' id='word_1_117' title='bbox 393 1757 502 1830; x_wconf 86' lang='lat' dir='ltr'>gentes,</span> <span class='ocrx_word' id='word_1_118' title='bbox 516 1752 650 1811; x_wconf 87' lang='lat' dir='ltr'>Saturnia</span> <span class='ocrx_word' id='word_1_119' title='bbox 662 1772 758 1830; x_wconf 86' lang='lat' dir='ltr'>regna,</span> 
     </span>
    </p>

    <p class='ocr_par' dir='ltr' id='par_1_8' title="bbox 165 1832 976 2540">
     <span class='ocr_line' id='line_1_20' title="bbox 166 1832 825 1910; baseline 0 -20"><span class='ocrx_word' id='word_1_120' title='bbox 166 1833 289 1909; x_wconf 90' lang='lat' dir='ltr'>Antiqui</span> <span class='ocrx_word' id='word_1_121' title='bbox 302 1833 431 1904; x_wconf 89' lang='lat' dir='ltr'>Ausonii,</span> <span class='ocrx_word' id='word_1_122' title='bbox 445 1851 509 1909; x_wconf 84' lang='lat' dir='ltr'>quae</span> <span class='ocrx_word' id='word_1_123' title='bbox 523 1853 573 1891; x_wconf 88' lang='lat' dir='ltr'>vos</span> <span class='ocrx_word' id='word_1_124' title='bbox 586 1832 702 1891; x_wconf 86' lang='lat' dir='ltr'>fortuna</span> <span class='ocrx_word' id='word_1_125' title='bbox 714 1832 825 1910; x_wconf 89' lang='lat' dir='ltr'>quietos</span> 
     </span>
     <span class='ocr_line' id='line_1_21' title="bbox 167 1911 856 1990; baseline 0.001 -20"><span class='ocrx_word' id='word_1_126' title='bbox 167 1913 318 1985; x_wconf 87' lang='lat' dir='ltr'>Sollicitat,</span> <span class='ocrx_word' id='word_1_127' title='bbox 332 1913 487 1989; x_wconf 79' lang='lat' dir='ltr'>suadetque</span> <span class='ocrx_word' id='word_1_128' title='bbox 500 1913 601 1990; x_wconf 89' lang='lat' dir='ltr'>ignota</span> <span class='ocrx_word' id='word_1_129' title='bbox 612 1912 746 1970; x_wconf 80' lang='lat' dir='ltr'>lacessere</span> <span class='ocrx_word' id='word_1_130' title='bbox 759 1911 856 1971; x_wconf 77' lang='lat' dir='ltr'>bella?</span> 
     </span>
     <span class='ocr_line' id='line_1_22' title="bbox 168 1992 874 2071; baseline -0.001 -21"><span class='ocrx_word' id='word_1_131' title='bbox 168 1992 344 2071; x_wconf 81' lang='lat' dir='ltr'>Quicumque</span> <span class='ocrx_word' id='word_1_132' title='bbox 358 1992 461 2051; x_wconf 90' lang='lat' dir='ltr'>lliacos</span> <span class='ocrx_word' id='word_1_133' title='bbox 474 1993 548 2050; x_wconf 87' lang='lat' dir='ltr'>ferro</span> <span class='ocrx_word' id='word_1_134' title='bbox 560 1992 728 2050; x_wconf 84' lang='lat' dir='ltr'>violavimus</span> <span class='ocrx_word' id='word_1_135' title='bbox 742 2012 874 2068; x_wconf 69' lang='lat' dir='ltr'>agros—</span> 
     </span>
     <span class='ocr_line' id='line_1_23' title="bbox 167 2071 942 2150; baseline -0.003 -20"><span class='ocrx_word' id='word_1_136' title='bbox 167 2072 259 2132; x_wconf 89' lang='lat' dir='ltr'>Mitto</span> <span class='ocrx_word' id='word_1_137' title='bbox 273 2092 313 2144; x_wconf 88' lang='lat' dir='ltr'>ea,</span> <span class='ocrx_word' id='word_1_138' title='bbox 328 2093 389 2150; x_wconf 79' lang='lat' dir='ltr'>quaa</span> <span class='ocrx_word' id='word_1_139' title='bbox 402 2072 491 2130; x_wconf 88' lang='lat' dir='ltr'>muris</span> <span class='ocrx_word' id='word_1_140' title='bbox 504 2072 635 2130; x_wconf 91' lang='lat' dir='ltr'>bellando</span> <span class='ocrx_word' id='word_1_141' title='bbox 649 2071 787 2130; x_wconf 84' lang='lat' dir='ltr'>exhausta</span> <span class='ocrx_word' id='word_1_142' title='bbox 800 2072 853 2130; x_wconf 92' lang='lat' dir='ltr'>sub</span> <span class='ocrx_word' id='word_1_143' title='bbox 867 2071 942 2142; x_wconf 87' lang='lat' dir='ltr'>altis,</span> 
     </span>
     <span class='ocr_line' id='line_1_24' title="bbox 167 2151 976 2229; baseline 0 -20"><span class='ocrx_word' id='word_1_144' title='bbox 167 2152 244 2224; x_wconf 81' lang='lat' dir='ltr'>Quos</span> <span class='ocrx_word' id='word_1_145' title='bbox 259 2153 364 2211; x_wconf 83' lang='lat' dir='ltr'>Simois</span> <span class='ocrx_word' id='word_1_146' title='bbox 377 2155 489 2229; x_wconf 91' lang='lat' dir='ltr'>premat</span> <span class='ocrx_word' id='word_1_147' title='bbox 502 2152 550 2210; x_wconf 85' lang='lat' dir='ltr'>ille</span> <span class='ocrx_word' id='word_1_148' title='bbox 563 2151 803 2224; x_wconf 87' lang='lat' dir='ltr'>viros,-infanda</span> <span class='ocrx_word' id='word_1_149' title='bbox 815 2172 865 2228; x_wconf 93' lang='lat' dir='ltr'>per</span> <span class='ocrx_word' id='word_1_150' title='bbox 878 2152 976 2209; x_wconf 92' lang='lat' dir='ltr'>orbem</span> 
     </span>
     <span class='ocr_line' id='line_1_25' title="bbox 167 2232 933 2308; baseline -0.003 -18"><span class='ocrx_word' id='word_1_151' title='bbox 167 2232 310 2308; x_wconf 86' lang='lat' dir='ltr'>Supplicia</span> <span class='ocrx_word' id='word_1_152' title='bbox 323 2235 354 2290; x_wconf 89' lang='lat' dir='ltr'>et</span> <span class='ocrx_word' id='word_1_153' title='bbox 368 2232 504 2289; x_wconf 88' lang='lat' dir='ltr'>scelerum</span> <span class='ocrx_word' id='word_1_154' title='bbox 517 2251 614 2308; x_wconf 88' lang='lat' dir='ltr'>poenas</span> <span class='ocrx_word' id='word_1_155' title='bbox 629 2232 812 2308; x_wconf 86' lang='lat' dir='ltr'>expendimus</span> <span class='ocrx_word' id='word_1_156' title='bbox 826 2251 933 2302; x_wconf 89' lang='lat' dir='ltr'>omnes,</span> 
     </span>
     <span class='ocr_line' id='line_1_26' title="bbox 165 2310 975 2382; baseline -0.001 -13"><span class='ocrx_word' id='word_1_157' title='bbox 165 2312 220 2370; x_wconf 86' lang='lat' dir='ltr'>Vel</span> <span class='ocrx_word' id='word_1_158' title='bbox 234 2312 348 2370; x_wconf 88' lang='lat' dir='ltr'>Priamo</span> <span class='ocrx_word' id='word_1_159' title='bbox 362 2310 520 2369; x_wconf 88' lang='lat' dir='ltr'>miseranda</span> <span class='ocrx_word' id='word_1_160' title='bbox 532 2331 650 2382; x_wconf 89' lang='lat' dir='ltr'>manus;</span> <span class='ocrx_word' id='word_1_161' title='bbox 671 2311 725 2368; x_wconf 89' lang='lat' dir='ltr'>seit</span> <span class='ocrx_word' id='word_1_162' title='bbox 739 2311 822 2369; x_wconf 90' lang='lat' dir='ltr'>triste</span> <span class='ocrx_word' id='word_1_163' title='bbox 837 2310 975 2370; x_wconf 80' lang='lat' dir='ltr'>Minerva</span> 
     </span>
     <span class='ocr_line' id='line_1_27' title="bbox 165 2389 901 2467; baseline -0.001 -18"><span class='ocrx_word' id='word_1_164' title='bbox 165 2391 258 2462; x_wconf 87' lang='lat' dir='ltr'>Sidus,</span> <span class='ocrx_word' id='word_1_165' title='bbox 272 2395 302 2449; x_wconf 89' lang='lat' dir='ltr'>et</span> <span class='ocrx_word' id='word_1_166' title='bbox 316 2391 452 2448; x_wconf 79' lang='lat' dir='ltr'>Euboicae</span> <span class='ocrx_word' id='word_1_167' title='bbox 466 2394 571 2461; x_wconf 87' lang='lat' dir='ltr'>cautes,</span> <span class='ocrx_word' id='word_1_168' title='bbox 585 2390 717 2466; x_wconf 88' lang='lat' dir='ltr'>ultorque</span> <span class='ocrx_word' id='word_1_169' title='bbox 731 2389 901 2467; x_wconf 80' lang='lat' dir='ltr'>Caphereus.</span> 
     </span>
     <span class='ocr_line' id='line_1_28' title="bbox 165 2462 787 2540; baseline -0.002 -12"><span class='ocrx_word' id='word_1_170' title='bbox 165 2462 276 2528; x_wconf 79' lang='lat' dir='ltr'>Militiii</span> <span class='ocrx_word' id='word_1_171' title='bbox 287 2491 321 2529; x_wconf 84' lang='lat' dir='ltr'>ex</span> <span class='ocrx_word' id='word_1_172' title='bbox 334 2464 386 2527; x_wconf 81' lang='lat' dir='ltr'>illA&#39;</span> <span class='ocrx_word' id='word_1_173' title='bbox 397 2470 539 2527; x_wconf 87' lang='lat' dir='ltr'>diversum</span> <span class='ocrx_word' id='word_1_174' title='bbox 553 2469 589 2526; x_wconf 90' lang='lat' dir='ltr'>ad</span> <span class='ocrx_word' id='word_1_175' title='bbox 602 2469 671 2527; x_wconf 89' lang='lat' dir='ltr'>litus</span> <span class='ocrx_word' id='word_1_176' title='bbox 685 2469 787 2540; x_wconf 87' lang='lat' dir='ltr'>adacti,</span> 
     </span>
    </p>

    <p class='ocr_par' dir='ltr' id='par_1_9' title="bbox 164 2548 850 2706">
     <span class='ocr_line' id='line_1_29' title="bbox 164 2548 850 2624; baseline -0.001 -16"><span class='ocrx_word' id='word_1_177' title='bbox 164 2550 280 2608; x_wconf 87' lang='lat' dir='ltr'>Atrides</span> <span class='ocrx_word' id='word_1_178' title='bbox 294 2550 393 2609; x_wconf 86' lang='lat' dir='ltr'>Protei</span> <span class='ocrx_word' id='word_1_179' title='bbox 406 2549 554 2607; x_wconf 89' lang='lat' dir='ltr'>Menelaus</span> <span class='ocrx_word' id='word_1_180' title='bbox 568 2548 692 2624; x_wconf 90' lang='lat' dir='ltr'>adusque</span> <span class='ocrx_word' id='word_1_181' title='bbox 705 2549 850 2607; x_wconf 85' lang='lat' dir='ltr'>columnas</span> 
     </span>
     <span class='ocr_line' id='line_1_30' title="bbox 164 2629 815 2706; baseline -0.002 -19"><span class='ocrx_word' id='word_1_182' title='bbox 164 2630 304 2702; x_wconf 82' lang='lat' dir='ltr'>Exsulat3</span> <span class='ocrx_word' id='word_1_183' title='bbox 324 2630 454 2688; x_wconf 80' lang='lat' dir='ltr'>AEtnaeos</span> <span class='ocrx_word' id='word_1_184' title='bbox 468 2629 541 2686; x_wconf 91' lang='lat' dir='ltr'>vidit</span> <span class='ocrx_word' id='word_1_185' title='bbox 555 2629 693 2706; x_wconf 81' lang='lat' dir='ltr'>Cyclopas</span> <span class='ocrx_word' id='word_1_186' title='bbox 707 2629 815 2687; x_wconf 81' lang='lat' dir='ltr'>Ulixes,</span> 
     </span>
    </p>

    <p class='ocr_par' dir='ltr' id='par_1_10' title="bbox 163 2709 919 3184">
     <span class='ocr_line' id='line_1_31' title="bbox 165 2709 898 2788; baseline -0.001 -20"><span class='ocrx_word' id='word_1_187' title='bbox 165 2710 268 2788; x_wconf 86' lang='lat' dir='ltr'>Regna</span> <span class='ocrx_word' id='word_1_188' title='bbox 280 2709 464 2787; x_wconf 90' lang='lat' dir='ltr'>Neoptolemi</span> <span class='ocrx_word' id='word_1_189' title='bbox 476 2709 604 2779; x_wconf 88' lang='lat' dir='ltr'>referam,</span> <span class='ocrx_word' id='word_1_190' title='bbox 617 2729 768 2784; x_wconf 90' lang='lat' dir='ltr'>versosque</span> <span class='ocrx_word' id='word_1_191' title='bbox 782 2713 898 2786; x_wconf 89' lang='lat' dir='ltr'>penates</span> 
     </span>
     <span class='ocr_line' id='line_1_32' title="bbox 164 2787 919 2866; baseline 0 -19"><span class='ocrx_word' id='word_1_192' title='bbox 164 2787 335 2849; x_wconf 77' lang='lat' dir='ltr'>Idomenei?</span> <span class='ocrx_word' id='word_1_193' title='bbox 356 2790 502 2866; x_wconf 83' lang='lat' dir='ltr'>Libycone</span> <span class='ocrx_word' id='word_1_194' title='bbox 515 2788 678 2847; x_wconf 87' lang='lat' dir='ltr'>habitantes</span> <span class='ocrx_word' id='word_1_195' title='bbox 692 2788 775 2846; x_wconf 89' lang='lat' dir='ltr'>litore</span> <span class='ocrx_word' id='word_1_196' title='bbox 789 2787 919 2847; x_wconf 77' lang='lat' dir='ltr'>Locros?</span> 
     </span>
     <span class='ocr_line' id='line_1_33' title="bbox 164 2868 867 2947; baseline -0.003 -19"><span class='ocrx_word' id='word_1_197' title='bbox 164 2870 231 2946; x_wconf 90' lang='lat' dir='ltr'>Ipse</span> <span class='ocrx_word' id='word_1_198' title='bbox 245 2870 412 2947; x_wconf 78' lang='lat' dir='ltr'>Mycenaeus</span> <span class='ocrx_word' id='word_1_199' title='bbox 425 2889 595 2946; x_wconf 88' lang='lat' dir='ltr'>magnorum</span> <span class='ocrx_word' id='word_1_200' title='bbox 608 2868 710 2926; x_wconf 89' lang='lat' dir='ltr'>ductor</span> <span class='ocrx_word' id='word_1_201' title='bbox 723 2868 867 2926; x_wconf 89' lang='lat' dir='ltr'>Achivum</span> 
     </span>
     <span class='ocr_line' id='line_1_34' title="bbox 165 2948 857 3027; baseline -0.004 -19"><span class='ocrx_word' id='word_1_202' title='bbox 165 2949 301 3027; x_wconf 79' lang='lat' dir='ltr'>Oonjugis</span> <span class='ocrx_word' id='word_1_203' title='bbox 313 2948 438 3006; x_wconf 85' lang='lat' dir='ltr'>infandae</span> <span class='ocrx_word' id='word_1_204' title='bbox 451 2949 543 3025; x_wconf 90' lang='lat' dir='ltr'>prima</span> <span class='ocrx_word' id='word_1_205' title='bbox 555 2949 633 3006; x_wconf 90' lang='lat' dir='ltr'>intra</span> <span class='ocrx_word' id='word_1_206' title='bbox 644 2948 744 3006; x_wconf 89' lang='lat' dir='ltr'>limina</span> <span class='ocrx_word' id='word_1_207' title='bbox 757 2948 857 3005; x_wconf 82' lang='lat' dir='ltr'>dextra</span> 
     </span>
     <span class='ocr_line' id='line_1_35' title="bbox 164 3027 862 3106; baseline -0.001 -20"><span class='ocrx_word' id='word_1_208' title='bbox 164 3029 311 3106; x_wconf 83' lang='lat' dir='ltr'>Oppetiit3</span> <span class='ocrx_word' id='word_1_209' title='bbox 332 3029 473 3086; x_wconf 91' lang='lat' dir='ltr'>devictam</span> <span class='ocrx_word' id='word_1_210' title='bbox 486 3028 586 3086; x_wconf 89' lang='lat' dir='ltr'>Asiam</span> <span class='ocrx_word' id='word_1_211' title='bbox 600 3027 728 3086; x_wconf 90' lang='lat' dir='ltr'>subsedit</span> <span class='ocrx_word' id='word_1_212' title='bbox 742 3027 862 3086; x_wconf 86' lang='lat' dir='ltr'>adulter.</span> 
     </span>
     <span class='ocr_line' id='line_1_36' title="bbox 163 3107 763 3184; baseline -0.002 -19"><span class='ocrx_word' id='word_1_213' title='bbox 163 3108 305 3166; x_wconf 91' lang='lat' dir='ltr'>Invidisse</span> <span class='ocrx_word' id='word_1_214' title='bbox 318 3108 394 3179; x_wconf 90' lang='lat' dir='ltr'>deos,</span> <span class='ocrx_word' id='word_1_215' title='bbox 407 3108 507 3184; x_wconf 89' lang='lat' dir='ltr'>patriis</span> <span class='ocrx_word' id='word_1_216' title='bbox 521 3111 554 3165; x_wconf 89' lang='lat' dir='ltr'>ut</span> <span class='ocrx_word' id='word_1_217' title='bbox 567 3107 695 3165; x_wconf 90' lang='lat' dir='ltr'>redditus</span> <span class='ocrx_word' id='word_1_218' title='bbox 708 3107 763 3164; x_wconf 89' lang='lat' dir='ltr'>aris</span> 
     </span>
    </p>

    <p class='ocr_par' dir='ltr' id='par_1_11' title="bbox 162 3184 1009 3343">
     <span class='ocr_line' id='line_1_37' title="bbox 164 3184 1009 3266; baseline -0.002 -20"><span class='ocrx_word' id='word_1_219' title='bbox 164 3188 337 3266; x_wconf 67' lang='lat' dir='ltr'>eonjugium</span> <span class='ocrx_word' id='word_1_220' title='bbox 350 3191 483 3264; x_wconf 89' lang='lat' dir='ltr'>optatum</span> <span class='ocrx_word' id='word_1_221' title='bbox 497 3192 526 3246; x_wconf 89' lang='lat' dir='ltr'>et</span> <span class='ocrx_word' id='word_1_222' title='bbox 539 3186 688 3264; x_wconf 90' lang='lat' dir='ltr'>pulchram</span> <span class='ocrx_word' id='word_1_223' title='bbox 702 3186 848 3264; x_wconf 81' lang='lat' dir='ltr'>Calydona</span> <span class='ocrx_word' id='word_1_224' title='bbox 861 3184 1009 3244; x_wconf 79' lang='lat' dir='ltr'>viderem?</span> 
     </span>
     <span class='ocr_line' id='line_1_38' title="bbox 162 3267 895 3343; baseline -0.003 -19"><span class='ocrx_word' id='word_1_225' title='bbox 162 3267 250 3325; x_wconf 88' lang='lat' dir='ltr'>Nunc</span> <span class='ocrx_word' id='word_1_226' title='bbox 263 3268 350 3325; x_wconf 91' lang='lat' dir='ltr'>etiam</span> <span class='ocrx_word' id='word_1_227' title='bbox 363 3267 493 3325; x_wconf 87' lang='lat' dir='ltr'>horribili</span> <span class='ocrx_word' id='word_1_228' title='bbox 505 3267 569 3324; x_wconf 90' lang='lat' dir='ltr'>visu</span> <span class='ocrx_word' id='word_1_229' title='bbox 582 3270 717 3343; x_wconf 90' lang='lat' dir='ltr'>portenta</span> <span class='ocrx_word' id='word_1_230' title='bbox 730 3269 895 3343; x_wconf 84' lang='lat' dir='ltr'>sequuntur,</span> 
     </span>
    </p>

    <p class='ocr_par' dir='ltr' id='par_1_12' title="bbox 159 3346 955 3822">
     <span class='ocr_line' id='line_1_39' title="bbox 162 3346 793 3424; baseline 0 -21"><span class='ocrx_word' id='word_1_231' title='bbox 162 3346 205 3404; x_wconf 80' lang='lat' dir='ltr'>Et</span> <span class='ocrx_word' id='word_1_232' title='bbox 218 3347 287 3405; x_wconf 90' lang='lat' dir='ltr'>socii</span> <span class='ocrx_word' id='word_1_233' title='bbox 300 3346 396 3404; x_wconf 89' lang='lat' dir='ltr'>amissi</span> <span class='ocrx_word' id='word_1_234' title='bbox 408 3347 553 3424; x_wconf 87' lang='lat' dir='ltr'>petierunt</span> <span class='ocrx_word' id='word_1_235' title='bbox 567 3346 673 3405; x_wconf 87' lang='lat' dir='ltr'>aethera</span> <span class='ocrx_word' id='word_1_236' title='bbox 684 3347 793 3424; x_wconf 90' lang='lat' dir='ltr'>pennis,</span> 
     </span>
     <span class='ocr_line' id='line_1_40' title="bbox 162 3426 928 3503; baseline -0.001 -21"><span class='ocrx_word' id='word_1_237' title='bbox 162 3426 398 3503; x_wconf 81' lang='lat' dir='ltr'>Fluminibusque</span> <span class='ocrx_word' id='word_1_238' title='bbox 412 3430 554 3503; x_wconf 90' lang='lat' dir='ltr'>vagantur</span> <span class='ocrx_word' id='word_1_239' title='bbox 567 3447 641 3498; x_wconf 78' lang='lat' dir='ltr'>aveo,</span> <span class='ocrx_word' id='word_1_240' title='bbox 654 3426 713 3484; x_wconf 91' lang='lat' dir='ltr'>heu</span> <span class='ocrx_word' id='word_1_241' title='bbox 726 3426 787 3483; x_wconf 90' lang='lat' dir='ltr'>dira</span> <span class='ocrx_word' id='word_1_242' title='bbox 799 3443 928 3482; x_wconf 91' lang='lat' dir='ltr'>meorum</span> 
     </span>
     <span class='ocr_line' id='line_1_41' title="bbox 161 3505 955 3583; baseline -0.001 -21"><span class='ocrx_word' id='word_1_243' title='bbox 161 3505 319 3582; x_wconf 89' lang='lat' dir='ltr'>Supplicia!</span> <span class='ocrx_word' id='word_1_244' title='bbox 341 3510 371 3564; x_wconf 90' lang='lat' dir='ltr'>et</span> <span class='ocrx_word' id='word_1_245' title='bbox 384 3506 513 3583; x_wconf 91' lang='lat' dir='ltr'>scopulos</span> <span class='ocrx_word' id='word_1_246' title='bbox 526 3506 681 3564; x_wconf 88' lang='lat' dir='ltr'>lacrimosis</span> <span class='ocrx_word' id='word_1_247' title='bbox 695 3506 811 3565; x_wconf 92' lang='lat' dir='ltr'>vocibus</span> <span class='ocrx_word' id='word_1_248' title='bbox 825 3505 955 3581; x_wconf 90' lang='lat' dir='ltr'>implent.</span> 
     </span>
     <span class='ocr_line' id='line_1_42' title="bbox 161 3585 861 3663; baseline -0.003 -21"><span class='ocrx_word' id='word_1_249' title='bbox 161 3585 234 3643; x_wconf 86' lang='lat' dir='ltr'>Haec</span> <span class='ocrx_word' id='word_1_250' title='bbox 248 3586 316 3643; x_wconf 88' lang='lat' dir='ltr'>adeo</span> <span class='ocrx_word' id='word_1_251' title='bbox 330 3605 365 3643; x_wconf 84' lang='lat' dir='ltr'>ex</span> <span class='ocrx_word' id='word_1_252' title='bbox 377 3586 426 3644; x_wconf 94' lang='lat' dir='ltr'>illo</span> <span class='ocrx_word' id='word_1_253' title='bbox 440 3585 512 3642; x_wconf 89' lang='lat' dir='ltr'>mihi</span> <span class='ocrx_word' id='word_1_254' title='bbox 521 3585 582 3662; x_wconf 87' lang='lat' dir='ltr'>jam</span> <span class='ocrx_word' id='word_1_255' title='bbox 596 3586 733 3663; x_wconf 88' lang='lat' dir='ltr'>speranda</span> <span class='ocrx_word' id='word_1_256' title='bbox 745 3586 861 3643; x_wconf 81' lang='lat' dir='ltr'>fuorunt</span> 
     </span>
     <span class='ocr_line' id='line_1_43' title="bbox 161 3664 896 3742; baseline -0.003 -19"><span class='ocrx_word' id='word_1_257' title='bbox 161 3665 309 3742; x_wconf 79' lang='lat' dir='ltr'>Tempore,</span> <span class='ocrx_word' id='word_1_258' title='bbox 323 3685 412 3741; x_wconf 92' lang='lat' dir='ltr'>quum</span> <span class='ocrx_word' id='word_1_259' title='bbox 425 3665 499 3723; x_wconf 86' lang='lat' dir='ltr'>ferro</span> <span class='ocrx_word' id='word_1_260' title='bbox 512 3665 638 3723; x_wconf 90' lang='lat' dir='ltr'>eoelestia</span> <span class='ocrx_word' id='word_1_261' title='bbox 651 3685 768 3742; x_wconf 91' lang='lat' dir='ltr'>corpora</span> <span class='ocrx_word' id='word_1_262' title='bbox 781 3664 896 3723; x_wconf 85' lang='lat' dir='ltr'>demens</span> 
     </span>
     <span class='ocr_line' id='line_1_44' title="bbox 159 3744 860 3822; baseline -0.001 -19"><span class='ocrx_word' id='word_1_263' title='bbox 159 3745 287 3822; x_wconf 89' lang='lat' dir='ltr'>Appetii‚</span> <span class='ocrx_word' id='word_1_264' title='bbox 301 3747 330 3803; x_wconf 90' lang='lat' dir='ltr'>et</span> <span class='ocrx_word' id='word_1_265' title='bbox 343 3744 462 3803; x_wconf 89' lang='lat' dir='ltr'>Veneris</span> <span class='ocrx_word' id='word_1_266' title='bbox 475 3745 579 3803; x_wconf 86' lang='lat' dir='ltr'>violavi</span> <span class='ocrx_word' id='word_1_267' title='bbox 591 3745 708 3804; x_wconf 87' lang='lat' dir='ltr'>vulnere</span> <span class='ocrx_word' id='word_1_268' title='bbox 721 3746 860 3803; x_wconf 84' lang='lat' dir='ltr'>dextram.</span> 
     </span>
    </p>

    <p class='ocr_par' dir='ltr' id='par_1_13' title="bbox 153 3824 821 3902">
     <span class='ocr_line' id='line_1_45' title="bbox 153 3824 821 3902; baseline -0.006 -16"><span class='ocrx_word' id='word_1_269' title='bbox 153 3825 204 3886; x_wconf 87' lang='lat' dir='ltr'>Ne</span> <span class='ocrx_word' id='word_1_270' title='bbox 218 3845 294 3900; x_wconf 82' lang='lat' dir='ltr'>vere,</span> <span class='ocrx_word' id='word_1_271' title='bbox 307 3844 344 3885; x_wconf 89' lang='lat' dir='ltr'>ne</span> <span class='ocrx_word' id='word_1_272' title='bbox 357 3844 403 3884; x_wconf 89' lang='lat' dir='ltr'>me</span> <span class='ocrx_word' id='word_1_273' title='bbox 417 3825 453 3883; x_wconf 89' lang='lat' dir='ltr'>ad</span> <span class='ocrx_word' id='word_1_274' title='bbox 466 3824 538 3882; x_wconf 86' lang='lat' dir='ltr'>tales</span> <span class='ocrx_word' id='word_1_275' title='bbox 550 3825 689 3902; x_wconf 90' lang='lat' dir='ltr'>impellite</span> <span class='ocrx_word' id='word_1_276' title='bbox 702 3845 821 3902; x_wconf 82' lang='lat' dir='ltr'>pugnas.</span> 
     </span>
    </p>

    <p class='ocr_par' dir='ltr' id='par_1_14' title="bbox 138 3903 970 4076">
     <span class='ocr_line' id='line_1_46' title="bbox 145 3903 915 3982; baseline -0.012 -13"><span class='ocrx_word' id='word_1_277' title='bbox 145 3909 184 3969; x_wconf 90' lang='lat' dir='ltr'><strong><em>N</em></strong></span> <span class='ocrx_word' id='word_1_278' title='bbox 182 3930 214 3970; x_wconf 89' lang='lat' dir='ltr'>ec</span> <span class='ocrx_word' id='word_1_279' title='bbox 228 3909 305 3971; x_wconf 93' lang='lat' dir='ltr'>mihi</span> <span class='ocrx_word' id='word_1_280' title='bbox 320 3929 389 3971; x_wconf 90' lang='lat' dir='ltr'>cum</span> <span class='ocrx_word' id='word_1_281' title='bbox 402 3905 523 3968; x_wconf 79' lang='lat' dir='ltr'>Teucris</span> <span class='ocrx_word' id='word_1_282' title='bbox 534 3904 628 3964; x_wconf 88' lang='lat' dir='ltr'>ullum</span> <span class='ocrx_word' id='word_1_283' title='bbox 636 3907 705 3982; x_wconf 82' lang='lat' dir='ltr'>post</span> <span class='ocrx_word' id='word_1_284' title='bbox 717 3908 799 3962; x_wconf 81' lang='lat' dir='ltr'>eruta</span> <span class='ocrx_word' id='word_1_285' title='bbox 807 3903 915 3962; x_wconf 84' lang='lat' dir='ltr'>bellum.</span> 
     </span>
     <span class='ocr_line' id='line_1_47' title="bbox 138 3981 970 4076; baseline -0.02 -24"><span class='ocrx_word' id='word_1_286' title='bbox 138 3990 295 4076; x_wconf 84' lang='lat' dir='ltr'>Pergama</span> <span class='ocrx_word' id='word_1_287' title='bbox 304 4019 314 4074; x_wconf 90' lang='lat'>;</span> <span class='ocrx_word' id='word_1_288' title='bbox 336 4014 392 4056; x_wconf 86' lang='lat' dir='ltr'>nec</span> <span class='ocrx_word' id='word_1_289' title='bbox 406 3999 547 4054; x_wconf 87' lang='lat' dir='ltr'>veterum</span> <span class='ocrx_word' id='word_1_290' title='bbox 558 3981 970 4047; x_wconf 74' lang='lat' dir='ltr'>memrdrloetorvamalomm.</span> 
     </span>
    </p>
   </div>
   <div class='ocr_carea' id='block_1_3' title="bbox 0 0 1258 4298">
    <p class='ocr_par' dir='ltr' id='par_1_15' title="bbox 0 0 1258 4298">
     <span class='ocr_line' id='line_1_48' title="bbox 0 0 1258 4298; baseline 0 3"><span class='ocrx_word' id='word_1_291' title='bbox 0 0 1258 4298; x_wconf 95' lang='lat' dir='ltr'> </span> 
     </span>
    </p>
   </div>
  </div>
 </body>
</html>
