2506 4298
183 210 241 267 110
477 226 504 267 r.
518 225 816 269 vmsrnrrnsnoms

220 367 296 426 Tum
305 367 419 426 Venus:
441 371 457 397 “
466 366 557 425 Haud
564 367 694 443 equidem
702 368 754 426 tali
760 388 807 426 me
815 368 918 446 dignor
929 370 1053 444 honore;

180 447 346 525 Virginibus
360 447 455 524 Tyriis
468 467 530 505 mos
543 449 587 505 est
600 450 712 524 gestare
725 448 887 524 pharetram

181 527 383 604 Purpureoque
396 528 453 584 alte
467 546 545 584 suras
558 526 665 605 vincire
678 527 827 586 cothurno.
842 495 941 597 baina
958 516 992 598 ί,
1022 528 1075 605 μζ,
1101 511 1185 606 A(

181 607 291 665 Punica
302 627 391 684 regna
403 606 490 677 vides,
505 606 611 684 'lprios'
621 610 651 664 et
664 607 804 684 Agenoris
818 609 934 682 urbem3
1048 602 1061 653 l
1135 576 1160 653 s

181 686 238 744 Sed
250 688 321 745 fines
334 686 444 764 Libyci,
459 706 548 762 genus
561 685 741 744 intractabile
753 687 837 745 bello.

181 765 339 844 Imperium
352 766 429 824 Dido
443 758 533 843 Tyriis*
543 765 619 843 regit
631 767 701 824 urbe
713 767 848 843 profecta,

181 845 356 904 Germanum
368 845 488 922 fugiens.
528 846 630 923 Longa
642 849 686 904 est
699 845 810 923 injuria,
823 846 919 924 longae
948 852 996 905 υ
1024 825 1159 892 lrr'suv

180 915 342 1004 Amba‘ges3
362 925 412 983 sed
425 944 536 982 summa
548 945 648 1000 sequar
660 925 776 1002 fastigia
787 912 977 986 rerumj'awxs
988 942 1027 981 aa
1052 912 1100 979 tta
1122 924 1146 961 *Γ
1156 928 1186 999 f)

181 1005 260 1064 Huic
274 1005 377 1083 conjux
391 1003 528 1082 Sychaeus
541 1007 611 1076 erat,
625 1004 783 1063 ditissimus
796 1005 858 1083 agri
1127 1057 1141 1069 ,.
1155 1010 1165 1039 ²

181 1085 359 1156 Phoenieum,
373 1087 403 1142 et
416 1104 521 1161 magno
535 1084 643 1157 miserae
657 1084 778 1142 dilectus
792 1091 923 1157 amorosa
940 1053 973 1131 ll
993 1066 1058 1165 ἕξ]
1069 1074 1091 1145 'd
1108 1044 1186 1161 lsai*

180 1163 235 1222 Oui
247 1168 328 1241 pater
340 1164 480 1233 intactam
494 1163 617 1235 dederat,
631 1163 786 1241 primisque
794 1165 913 1242 jugarat
927 1156 1132 1247 ,lm-mssa
1168 1184 1186 1209 Α

181 1244 339 1319 Ominibus.
380 1243 437 1302 Sed
449 1263 537 1321 regna
550 1243 621 1322 Tyri
633 1263 784 1321 germanus
798 1244 923 1321 habebat
946 1218 1140 1315 cenatas
1175 1309 1181 1317 ,

180 1324 360 1403 Pygmalion,
374 1323 475 1382 scelere
489 1326 555 1381 ante
569 1323 637 1381 alios
649 1323 801 1382 immanior
814 1344 920 1383 omnes.
928 1312 1020 1379 rmz‘
1042 1319 1186 1373 allow

181 1404 258 1476 Quos
270 1404 347 1462 inter
359 1403 468 1460 medius
481 1402 562 1460 venit
574 1402 660 1460 furor.
701 1402 756 1460 Ille
769 1403 924 1481 Syohaeum
1022 1384 1126 1438 “²“s‘*
1148 1388 1186 1435 ³⁵·

181 1483 292 1560 Impius
306 1486 372 1542 ante
387 1502 448 1540 aras
462 1485 547 1559 atque
561 1482 622 1540 auri
635 1502 724 1541 cacus
738 1503 832 1541 amore

181 1563 262 1621 Clam
275 1563 348 1622 ferro
360 1562 509 1620 incautum
521 1564 645 1638 superat,
659 1582 772 1643 securus
785 1582 916 1621 amorum
937 1593 985 1635 „-
1023 1549 1118 1649 352(
1149 1600 1164 1635 Α

181 1642 349 1714 Germanae3
369 1642 533 1719 factumque
545 1642 596 1699 diu
608 1642 718 1712 ceant,
733 1645 762 1699 et
777 1661 892 1719 aegram,
971 1611 1036 1723 im,
1071 1660 1115 1723 ⁶³.
1184 1708 1186 1722 ,

181 1722 280 1781 Multa
293 1723 384 1779 malus
398 1721 541 1793 simulans,
555 1702 632 1779 vanai
642 1742 690 1797 spe
703 1721 773 1780 lusit
787 1724 940 1780 amantem.
984 1690 1024 1777 si
1039 1794 1043 1798 Ι
1050 1724 1087 1817 {l
1154 1712 1164 1733 ‘

181 1802 250 1879 Ipsa
263 1802 312 1860 sed
325 1802 355 1859 in
368 1802 474 1860 somnis
487 1801 631 1859 inhumati
642 1801 722 1859 venit
734 1801 830 1879 imago
1001 1792 1050 1847 θ’·
1068 1789 1094 1829 ‘¹
1115 1790 1162 1829 Μ’
1175 1810 1181 1823 ’

182 1881 335 1960 Oonjugis3
355 1902 404 1940 ora
416 1881 508 1939 modis
522 1881 655 1939 attollens
668 1880 774 1957 pallida
787 1881 876 1953 miris,

182 1961 315 2020 Crudeles
329 1982 390 2020 aras
403 1961 576 2039 trajectaque
589 1963 704 2037 pectora
717 1961 790 2019 serro

182 2042 321 2112 Nudavit,
335 2061 493 2117 caecumque
506 2041 607 2135 domus
621 2039 711 2098 scelus
724 2059 808 2098 omne
821 2040 935 2099 retexit.
947 2024 1091 2123 !;··›«-3‘1.'2·.‘·
1109 2022 1141 2100 rs

182 2122 257 2179 Tum
271 2121 389 2180 celerare
403 2122 500 2198 fugam
512 2121 659 2197 patriaque
672 2120 803 2178 excedere
817 2118 925 2192 suadet,

181 2201 384 2278 Auxiliumque
397 2201 450 2258 viae
464 2203 573 2258 veteres
586 2200 688 2258 tellure
701 2199 822 2258 recludit

182 2281 349 2353 Thesauros,
363 2280 496 2358 ignotum
510 2280 623 2357 argenti
635 2279 745 2355 pondus
759 2282 789 2337 et
803 2278 873 2336 auri.

182 2360 240 2417 His
254 2364 396 2419 commota
409 2361 507 2437 fugam
519 2360 597 2417 Dido
611 2359 756 2435 sociosque
769 2359 895 2436 parabat.

183 2439 371 2512 Conveniunt,
386 2440 487 2516 quibus
501 2443 551 2496 aut
565 2439 662 2497 odium
675 2437 787 2497 crudele
799 2437 917 2515 tyranni
1126 2496 1129 2501 ,

182 2520 244 2577 Aut
257 2523 351 2578 metus
365 2540 428 2599 acer
441 2521 518 2590 erat;
538 2539 633 2590 naves,
647 2539 708 2595 quae
721 2518 795 2576 sorte
808 2520 925 2594 paratae,
957 2492 1060 2579 sera...
1104 2531 1137 2607 ΓΞ
1154 2540 1184 2569 ¹.»

182 2599 355 2677 corripiunt,
370 2601 543 2674 onerantque
556 2619 633 2656 auro.
674 2598 832 2656 Portantur
845 2597 923 2655 avari

183 2679 378 2756 Pygmalionis
391 2699 458 2756 opes
471 2679 587 2756 pelago,
608 2678 666 2735 dux
678 2677 784 2735 femina
797 2677 875 2765 sacti,
993 2730 997 2739 ,
1034 2720 1038 2727 .

182 2759 328 2818 Devenere
340 2759 425 2830 locos
439 2758 488 2816 ubi
501 2778 577 2816 nuno
590 2757 720 2834 ingentia
732 2777 828 2828 cernes
846 2750 856 2803 1
860 2770 874 2805 r
891 2768 926 2806 Νι
957 2753 976 2807 ‘2
1011 2794 1014 2799 ·
1060 2784 1080 2841 ,-·
1106 2766 1185 2808 .-⁷--'·

182 2839 293 2897 Moenia
306 2842 524 2916 surgentemque
537 2857 620 2895 novae
635 2830 817 2914 Carthaginis
831 2855 932 2908 arcem,
1082 2836 1085 2841 '

181 2919 359 2996 Mercatique
373 2919 473 2990 solum,
486 2917 555 2975 facti
569 2917 604 2975 de
616 2915 730 2975 nomine
744 2916 876 2993 Byrsam,
934 2961 935 2964 η

183 2998 307 3057 Taurino
321 3001 462 3076 quantum
474 2999 590 3075 possent
604 2996 776 3054 circumdare
789 2998 880 3072 tergo.

182 3078 238 3136 Sed
250 3098 301 3136 vos
315 3078 365 3155 qui
377 3078 502 3148 tandem,
517 3077 619 3154 quibus
632 3079 683 3133 aut
696 3074 814 3133 venistis
828 3075 863 3132 ab
877 3073 942 3146 oris,

182 3158 280 3229 Quove
293 3158 398 3216 tenetis
411 3157 467 3215 iter
476 3156 511 3216 1”
552 3154 698 3227 Quaerenti
710 3154 816 3213 talibus
828 3154 876 3212 ille

182 3237 340 3314 suspirans,
353 3238 467 3313 imoque
479 3236 596 3295 trahens
610 3255 627 3293 a
639 3237 753 3312 pectore
765 3254 880 3292 vocem:

222 3317 273 3374 “0
288 3317 348 3389 dea,
361 3317 385 3375 si
398 3317 490 3394 prima
501 3319 631 3392 repetens
644 3316 680 3373 ab
694 3313 802 3391 origine
814 3333 940 3390 pergam,

182 3397 224 3454 Et
237 3399 319 3455 vacet
333 3397 446 3455 annales
458 3398 622 3454 nostrorum
634 3393 730 3452 audire
743 3393 881 3465 laborum,
1053 3444 1056 3449 .

181 3477 261 3535 Ante
274 3476 349 3534 diem
362 3476 456 3534 clauso
470 3477 732 3552 componetvesper
746 3473 879 3551 Olympo,
962 3452 1124 3539 darant
1157 3482 1184 3525 t.

182 3556 245 3614 Nos
259 3552 345 3632 Trojd
357 3548 482 3632 antiqua,
496 3554 520 3612 si
532 3558 642 3613 vestras
655 3555 729 3612 sorte
741 3573 791 3630 per
804 3571 884 3610 aures

182 3636 277 3713 Trojae
290 3655 395 3693 nomen
407 3635 452 3705 iit,
465 3634 576 3692 diversa
588 3654 638 3711 per
653 3653 767 3711 aequora
778 3635 876 3690 vectos

182 3715 272 3774 Forte
285 3734 336 3772 sua
348 3714 465 3791 Libycis
477 3716 633 3789 tempestas
646 3713 755 3790 appulit
768 3711 834 3770 oris.

183 3795 253 3853 Sum
266 3793 330 3871 pius
344 3793 458 3865 AEneas,
471 3795 568 3869 raptos
582 3793 631 3869 qui
644 3812 679 3850 ex
691 3793 774 3851 hoste
787 3793 904 3869 penates

181 3874 280 3934 orasse
293 3873 367 3934 veho
379 3892 500 3945 mecum,
513 3872 589 3931 sama
602 3891 685 3949 super
700 3871 808 3930 aethera
820 3873 916 3929 notus.

27 3932 54 4024 b
167 3954 294 4017 Italiam
308 3974 408 4037 quaro
421 3954 558 4037 patriam,
572 3973 664 4034 genus
675 3951 712 4012 ab
726 3951 800 4011 lone
811 3969 931 4008 summo.
960 4040 963 4045 Ι
