2506 4298
153 209 211 271 172
457 228 484 269 r.
498 226 638 270 rrnemr
652 226 794 270 morus

152 367 298 447 Oonjugis,
311 370 342 427 et
355 389 465 446 sparsos
477 369 604 428 fraterna
616 369 691 428 caede
704 373 830 447 penates,

151 449 234 508 Solus
246 448 294 507 hic
306 448 417 508 inflexit
430 469 536 520 sensus,
550 448 732 526 animumque
744 449 890 508 labantem

151 528 289 606 Impulit:
310 548 432 606 agnosco
445 529 549 587 veteris
562 528 684 606 vestigia
695 529 826 588 flammae.

153 608 209 667 Sed
221 607 294 665 mihi
306 608 352 667 vel
363 608 448 667 tellus
462 612 559 685 optem
571 609 651 684 prius
663 608 721 667 ima
734 608 870 681 dehiscat,

150 687 205 747 Vel
217 690 299 764 pater
312 688 409 765 omnip
410 692 491 747 otene
505 688 602 766 adigat
616 707 662 746 me
675 688 795 746 fulmine
808 690 845 747 ad
856 689 981 761 umbras,

151 767 295 825 Pallentes
308 768 423 826 umbras
437 767 524 825 Erebi
537 770 707 843 noctemque
720 768 898 860 profundam,

150 846 238 919 Ante,
251 846 357 919 Pudor,
372 867 457 923 quam
470 851 501 906 te
514 846 599 917 violo,
613 850 664 905 aut
677 847 749 906 tua'
737 868 806 925 Jura
817 848 938 907 resolvo.

152 926 208 985 Ille
221 946 298 985 meos
300 926 429 1004 ,primus
443 926 493 1004 qui
506 946 552 985 me
565 893 619 984 sibi
628 927 735 1005 J'unxit,
749 947 859 986 amores

150 1006 299 1079 Abstulit3
318 1007 366 1064 ille
378 1006 483 1065 habeat
496 1027 592 1064 secum
605 1010 753 1084 servetque
766 1007 924 1084 sepulcro’-'

152 1085 199 1143 Sic
212 1085 332 1144 effata'
310 1105 405 1144 smum
417 1085 541 1144 lacrimis
554 1085 684 1162 implerit
697 1087 814 1145 obortis.

191 1165 277 1223 Anna
289 1166 463 1224 rese1t2“0
477 1164 540 1224 luce
552 1164 644 1243 magis
657 1165 762 1224 dilecta
775 1165 871 1238 sorori,
919 1218 922 1223 ⁴

152 1244 253 1303 Solane
265 1235 402 1323 perpetud
414 1265 533 1303 maerens
547 1264 679 1323 carpereJ
673 1236 814 1304 'iuventh
800 1212 955 1351 idmf
981 1249 1035 1296 asic.
1064 1203 1116 1300 “ot
1151 1242 1194 1323 ἶν’

151 1324 215 1383 Nec
228 1324 324 1383 dulces
337 1327 429 1396 natos,
443 1324 561 1383 Veneris
574 1344 627 1383 nec
639 1325 759 1401 proemia
771 1310 937 1384 noris?

152 1403 226 1461 Id
203 1424 325 1463 emerem
339 1408 389 1462 aut
402 1424 499 1462 manes
513 1404 602 1462 credis
616 1423 713 1463 curare
726 1403 877 1481 sepultos?

152 1483 242 1543 Esto:
263 1502 370 1562 oegram
382 1483 454 1541 nulli
467 1484 610 1560 quondam
622 1484 723 1542 flexere
736 1484 842 1554 mariti,

152 1563 221 1621 Non
234 1562 344 1642 Libyae,
357 1585 416 1622 non
429 1566 496 1621 ante
510 1564 603 1642 'Pyro3
624 1563 773 1641 despectus
786 1562 893 1635 Iarbae,

152 1642 349 1721 Ductoresque
363 1643 418 1714 alii,
432 1663 502 1720 quos
516 1642 614 1701 Africa
625 1646 702 1701 terra
714 1643 868 1720 triumphis

152 1721 241 1780 Dives
255 1723 324 1782 alit:
344 1724 485 1801 placitone
498 1723 586 1782 etiam
598 1722 739 1800 pugnabis
753 1721 866 1782 amori?

152 1802 216 1861 Nec
229 1802 308 1860 venit
321 1802 352 1860 in
366 1806 500 1875 mentem,
514 1823 635 1879 quorum
648 1802 805 1860 consederis
819 1802 917 1863 arvis?

153 1881 233 1940 Hinc
247 1881 369 1940 Gaetulae
382 1884 474 1954 urbes,
487 1903 577 1960 genus
590 1881 778 1958 insuperabile
790 1882 873 1953 bello,

152 1961 195 2019 Et
208 1961 345 2020 Numidas
357 1962 460 2020 infreni
473 1963 602 2040 cingnmt,
617 1965 647 2020 et
659 1961 805 2038 inhospita
817 1961 928 2040 Syrtis,

152 2041 233 2099 Hinc
246 2041 357 2101 deserta
370 2042 420 2100 siti
432 2041 518 2119 regio,
532 2042 644 2118 lateque
657 2041 783 2099 furentes

153 2119 272 2179 Barcaei.
312 2121 388 2193 Quid
401 2121 475 2180 bella
488 2121 565 2199 Tyro
576 2120 723 2198 surgentia
735 2120 829 2179 dicam

154 2200 344 2277 Germanique
357 2200 474 2259 minas?

154 2279 208 2336 Dis
221 2280 351 2356 equidem
364 2281 524 2357 auspicibus
537 2299 600 2338 reor
613 2282 643 2338 et
657 2277 679 2336 J
679 2299 772 2337 unone
786 2279 909 2338 secunda

153 2359 243 2417 Hunc
256 2380 370 2417 cursum
382 2361 485 2418 Iliacas
498 2363 584 2418 vento
598 2359 722 2417 tenuisse
736 2359 853 2416 carinas.

153 2437 247 2509 Quam
259 2441 295 2496 tu
307 2440 415 2509 urbem,
429 2459 516 2510 soror,
528 2440 602 2497 hanc
616 2457 720 2508 cernes,
735 2457 798 2514 quae
811 2457 926 2516 surgere
938 2457 1028 2516 regna

154 2517 295 2597 Conjugio
308 2519 375 2577 tali!
397 2519 538 2578 Teucrum
552 2517 755 2576 comitantibus
769 2518 864 2590 armis,

154 2597 264 2656 Punica
276 2618 306 2656 se
320 2599 434 2674 quantis
447 2598 563 2657 attollet
577 2598 667 2675 gloria
679 2599 779 2656 rebus!

154 2676 200 2734 Tu
213 2677 297 2736 modo
310 2698 393 2754 posce
407 2679 474 2737 deos
486 2678 607 2748 veniam,
618 2677 758 2754 sacrisque
770 2676 863 2735 litatis

154 2756 278 2834 Indulge
290 2758 424 2834 hospitio,
438 2778 590 2834 causasque
602 2757 717 2815 innecte
729 2756 875 2827 morandi;

153 2837 234 2895 Dum
246 2837 346 2915 pelago
360 2837 477 2896 desaevit
490 2838 581 2896 hiems
595 2840 625 2896 et
638 2857 759 2913 aquosus
773 2835 870 2907 Orion,

154 2916 356 2994 Quassataequa
369 2921 453 2989 rates,
467 2918 535 2975 dum
549 2937 607 2975 non
619 2916 769 2975 tractabile
782 2915 916 2974 coelum.''

154 2996 212 3054 His
226 2997 309 3056 dictis
323 2997 468 3056 incensum
483 2997 611 3056 animum
623 2995 812 3054 inflammavit
825 3014 928 3066 amore,

154 3075 295 3152 Spemque
308 3077 388 3135 dedit
401 3077 495 3136 dubiae
508 3076 608 3147 menti,
622 3075 763 3152 solvitque
776 3075 922 3152 pudorem.

195 3155 339 3233 Principio
352 3157 469 3215 delubra
482 3158 596 3228 adeunt,
610 3175 763 3232 pacemque
776 3174 827 3232 per
840 3174 903 3212 aras

154 3233 335 3310 Exquirunt.
356 3240 485 3295 mactant
498 3237 585 3296 lectas
599 3236 634 3294 de
647 3255 725 3293 more
737 3234 868 3292 bidentes

155 3313 295 3391 Legiieroe
308 3314 411 3388 (ierem,
426 3316 600 3408 Phoeboque,
613 3314 745 3392 patrique
758 3313 865 3391 Lyae03

155 3393 266 3452 Junoni
278 3397 346 3454 ante
359 3416 465 3467 omnes,
479 3417 526 3455 cur
517 3395 632 3453 vincla
641 3393 753 3472 jugalia
765 3412 850 3452 curae

155 3472 232 3549 Ipsa,
244 3476 345 3532 tenens
359 3474 460 3534 dextra
471 3479 608 3553 pateram,
621 3415 812 3551 pirlcherrima
824 3471 902 3531 Dido

155 3551 310 3611 candentis
323 3573 416 3613 vaocae
429 3556 522 3614 medie
533 3555 610 3613 inter
622 3573 728 3612 cornua
740 3552 853 3624 fundit;

155 3631 218 3690 Aut
231 3635 298 3690 ante
312 3653 361 3692 ora
374 3633 499 3691 deum
471 3655 592 3712 pingues
606 3633 747 3710 spatiatur
760 3632 797 3691 ad
810 3651 881 3703 aras,

156 3710 359 3788 Instauratque
371 3713 448 3772 diem
461 3715 542 3773 donis
544 3713 760 3806 ,pecudumque
772 3710 888 3770 reclusis

155 3789 324 3850 Pectoribus
337 3792 451 3851 inhians
464 3760 601 3871 spirahtia
614 3792 738 3851 consulit
750 3794 825 3850 exta

149 3869 287 3931 Heut
237 3874 287 3932 rat
288 3892 337 3931 um
350 3872 458 3952 ignarae
470 3873 596 3933 mentes!
617 3872 687 3949 quid
698 3875 768 3931 vota
779 3871 931 3940 furentem,

141 3949 222 4024 Quid
235 3952 380 4050 delubraJ
375 3953 501 4018 urant?
541 3952 709 4016 Estmollis
719 3948 982 4011 hammamedullas
