2506 4298
142 203 202 260 354
448 217 782 260 1².vme1nnmnoms

145 360 273 433 Fecerat,
287 362 317 419 et
330 359 411 418 tenui
423 359 495 419 telas
509 360 679 419 discreverat
692 381 770 420 auro.

144 439 259 498 Harum
271 460 358 498 unam
371 439 471 517 juveni
484 461 647 518 supremum
660 445 777 498 maestus
790 441 929 500 honorem

144 519 255 591 Induit,
268 539 433 597 arsurasque
446 540 540 579 comas
554 520 674 578 obnubit
688 521 811 592 amictu;

145 599 296 676 Multaque
309 602 445 681 praeterea
458 599 610 692 Laurentis
623 600 741 692 praemia
753 621 857 693 pugna

144 679 333 835 iii-edil
339 679 892 836 retractaremus,

144 838 283 896 Vinxerat
296 841 326 896 et
339 841 405 914 post
417 843 500 915 terga
512 857 622 909 manus,
636 858 706 915 quos
719 840 849 898 mitteret
863 841 971 900 umbris

146 917 275 989 Inferias,
289 938 360 976 eaeso
374 937 519 994 sparsuros
533 918 670 995 sanguine
683 918 844 992 flammam3

145 996 324 1074 Indutosque
333 997 417 1074 jubet
430 1001 547 1055 truncos
559 996 711 1056 hostilibus
725 999 810 1056 armis

146 1076 229 1153 Ipsos
242 1077 315 1135 serre
328 1077 421 1149 duces,
435 1076 604 1154 inimicaque
617 1077 734 1135 nomina
746 1078 806 1156 figi.

146 1156 271 1214 Ducitur
284 1156 383 1214 infelix
397 1176 457 1214 aevo
471 1157 616 1215 confectus
630 1158 754 1230 Acoetes,

147 1235 269 1294 Pectora
280 1256 356 1294 nunc
370 1236 478 1294 foedans
491 1236 604 1314 pugnis,
617 1257 693 1294 nunc
707 1237 849 1315 unguibus
863 1258 931 1309 ora3

146 1315 299 1387 Sternitur,
313 1318 343 1374 et
355 1317 420 1374 toto
433 1315 575 1392 projectus
588 1335 703 1393 corpore
715 1319 806 1375 terrae.

146 1394 267 1452 Ducunt
280 1398 310 1453 et
323 1395 435 1453 Rutulo
448 1395 574 1472 perfusos
588 1396 724 1473 sanguine
738 1416 845 1454 currus.

147 1474 220 1533 Post
232 1474 353 1533 bellator
366 1494 463 1552 equus,
476 1475 576 1551 positis
589 1475 757 1553 insignibus,
771 1476 883 1534 AEthon

147 1554 179 1611 It
192 1554 351 1625 lacrimans,
364 1555 513 1632 guttisque
525 1555 674 1613 humectat
688 1556 843 1632 grandibus
856 1575 913 1614 ora.

148 1634 275 1692 Hastam
288 1634 336 1692 elii
348 1634 513 1711 galeamque
526 1634 639 1707 ferunt3
659 1655 727 1692 nam
741 1639 834 1694 cetera
847 1635 961 1693 Turnus
1073 1691 1075 1695 .

147 1713 248 1772 Victor
260 1713 356 1773 habet.
397 1714 474 1771 Tum
486 1716 587 1771 maesta
598 1713 722 1792 phalanx
735 1715 891 1793 Teucrique
904 1718 1074 1792 sequuntur,

148 1793 344 1871 Tyrrhenique
358 1792 451 1866 duces,
465 1797 496 1852 ct
508 1793 595 1851 versis
609 1794 733 1852 Arcades
747 1795 841 1853 armis

147 1873 307 1952 Postquam
319 1873 411 1931 omnis
424 1873 508 1951 longe
521 1873 659 1932 comitum
672 1878 846 1951 processerat
859 1874 936 1946 ordo,

150 1953 288 2011 Substitit
301 1953 415 2025 AEneas,
429 1953 594 2030 gemituque
607 1952 667 2011 haee
681 1951 880 2013 addidit'alto:

150 2036 166 2062 “
175 2033 238 2091 Nos
252 2033 320 2091 alias
332 2031 400 2090 hinc
414 2032 451 2091 ad
463 2032 592 2091 lacrimas
606 2033 703 2091 eadem
716 2033 831 2092 horrida
843 2033 911 2092 belli

149 2111 224 2170 Fata
236 2114 349 2170 vocant.
403 2112 485 2170 Salve
498 2116 637 2170 aetemum
650 2113 729 2183 mihi,
743 2114 865 2172 maxime
878 2113 967 2183 Palla,

149 2190 357 2269 AEtemumque
369 2192 461 2251 vale.'’
502 2192 565 2250 Nec
578 2192 660 2269 plura
672 2194 773 2250 effatus
786 2194 822 2250 ad
835 2194 908 2253 altos

150 2272 297 2331 Tendebat
310 2292 415 2342 murce,
429 2291 613 2348 gressumque
625 2272 656 2330 in
670 2277 762 2330 castra
774 2272 891 2332 ferebat.

190 2351 312 2428 Jamque
326 2354 451 2408 oratores
464 2352 582 2409 aderant
595 2372 630 2409 ex
642 2353 711 2410 urbe
724 2342 837 2425 Latinli,

149 2429 245 2488 Velati
258 2431 344 2489 ramis
357 2431 434 2501 oleae,
447 2431 614 2507 veniamque
628 2436 778 2508 rogantes:

150 2508 283 2587 Corpora,
296 2529 346 2587 per
359 2529 473 2586 campos
485 2510 559 2567 serro
573 2530 633 2586 quae
647 2511 709 2569 fusa
714 2512 856 2590 jacebant,

149 2589 302 2661 Redderet‚
317 2610 348 2648 ac
361 2589 474 2647 tumulo
488 2589 592 2647 sineret
606 2592 752 2649 succedere
765 2594 864 2664 terrae;

150 2670 273 2728 Nullum
287 2690 352 2728 cum
365 2669 449 2727 victis
464 2675 607 2727 certamen
621 2673 651 2728 et
664 2671 768 2729 aethere
781 2671 882 2742 cassis;

150 2749 284 2808 Parceret
297 2749 457 2826 hospitibus
471 2750 615 2826 quondam
629 2751 785 2828 socerisque
798 2750 916 2809 vocatis.

106 2856 107 2859 ¹
150 2830 227 2900 Quos
241 2831 331 2888 bonus
345 2830 459 2900 AEneas,
473 2830 551 2887 haud
565 2830 740 2906 aspernanda
752 2834 908 2907 precantes,

150 2909 338 2987 Prosequitur
350 2909 441 2980 venia,
455 2912 485 2966 et
498 2909 591 2967 verbis
604 2909 665 2967 haec
677 2909 792 2986 insuper
806 2911 902 2968 addit:

151 2993 168 3020 “
176 2990 313 3062 Quaenam
326 3009 377 3046 vos
389 2991 473 3047 tanto
486 2989 602 3048 fortuna
614 2988 740 3066 indigna,
753 2989 860 3062 Latini,

150 3067 299 3145 Implicuit
312 3068 394 3139 bello,
408 3068 458 3145 qui
470 3088 523 3126 nos
536 3069 653 3145 fugiatis
667 3068 795 3128 amieos?
878 3090 880 3095 ⁴

150 3146 256 3206 Pacem
268 3168 315 3206 me
328 3147 464 3206 exanimis
478 3151 508 3206 et
521 3148 626 3206 Martis
640 3150 716 3206 sorte
729 3149 866 3225 peremtis

152 3227 271 3286 Oratis?
292 3226 424 3303 equidem
437 3229 466 3285 et
479 3227 553 3285 vivis
567 3228 717 3286 concedere
730 3227 843 3286 vellem.

149 3306 213 3365 Nec
225 3308 299 3378 veni,
312 3306 368 3364 nisi
381 3307 441 3364 fata
453 3306 548 3364 locum
562 3308 712 3383 sedemque
726 3307 869 3366 dedissent
880 3333 888 3378 ;

149 3385 212 3444 Nec
225 3386 332 3444 bellum
345 3406 411 3444 cum
423 3389 509 3463 gente
522 3407 606 3464 gero:
627 3406 676 3444 rex
688 3391 788 3445 nostra
799 3388 914 3466 reliquit

149 3464 294 3541 Hospitis,
308 3469 339 3524 et
352 3466 443 3523 Turni
456 3466 551 3542 potius
565 3486 595 3524 se
609 3466 728 3525 credidit
742 3467 837 3525 armis.

125 3619 126 3622 Ἴ
149 3543 272 3620 AEquius
284 3544 351 3603 huic
365 3545 496 3602 Turnum
508 3546 601 3604 suerat
615 3566 644 3604 se
658 3566 798 3623 opponere
811 3546 908 3605 morti.
1009 3543 1012 3546 ⁴

150 3623 181 3679 Si
194 3623 300 3681 bellum
314 3624 394 3682 finire
407 3644 503 3695 manu,
518 3625 542 3682 si
554 3625 657 3702 pellere
670 3626 794 3685 Teucros

149 3703 287 3780 Apparet,
300 3703 346 3761 his
359 3723 470 3762 mecum
484 3704 580 3763 decuit
593 3725 757 3765 concurrere
769 3706 851 3776 telis3

149 3782 245 3855 Vixet,
259 3783 305 3841 cui
318 3783 409 3841 vitam
422 3784 491 3842 deus
504 3787 555 3842 aut
569 3805 620 3843 sua
633 3785 733 3844 dextra
746 3785 877 3844 dedisset.

144 3863 180 3924 N
179 3884 236 3925 une
249 3863 300 3938 ite,
313 3865 343 3923 et
356 3861 467 3922 miseris
480 3865 632 3941 supponite
645 3865 754 3924 civibus
766 3865 895 3943 ignem.''

140 3946 269 4010 Dixerat
283 3945 403 4010 AEneas.
446 3944 507 4004 Olli
518 3944 690 4022 obstupuere
700 3945 834 4015 s'hsntes3
