2506 4298
547 234 688 277 muros
702 235 763 276 IaIB.
779 235 807 278 X.

205 377 286 437 Tolle
298 377 420 436 minas.”
461 377 553 435 Fatus
565 377 692 435 medium
703 377 831 454 procedit
843 377 875 436 in
887 399 992 456 aequor.

204 457 340 536 Frigidus
353 457 511 516 Arcadibus
524 456 583 515 coit
595 457 626 514 in
638 457 790 534 praecordia
803 459 927 536 sanguis.

204 537 331 596 Desiluit
344 537 458 596 Tmnus
471 536 592 615 bijugis;
611 537 696 614 pedes
709 541 827 614 apparat
840 538 881 598 ire

205 617 351 676 Cominus.
392 617 490 693 thue
503 617 555 689 leo,
569 602 686 692 speculd
695 637 783 693 quum
796 617 870 678 vidit
883 619 919 678 ab
932 606 991 680 alti

205 697 288 756 Stare
300 697 399 774 procul
412 696 518 773 campis
531 696 719 755 meditantem
731 696 763 755 in
775 698 875 775 proelia
886 701 1010 775 taurum,

204 777 348 849 Advolat;
367 775 445 834 haud
457 776 512 835 alia
524 778 568 834 est
582 776 672 834 Turni
685 776 825 835 venientis
837 777 942 857 imago.

204 855 295 915 Hunc
307 856 357 915 ubi
370 856 540 933 contiguum
552 855 648 914 missae
660 855 720 914 sore
733 857 853 916 credidit
866 858 965 934 hustoe,
1023 883 1026 887 ¹

205 934 254 994 Ire
267 936 344 1013 prior
357 935 461 1007 Pallas,
475 935 499 993 si
512 955 569 1012 qua
580 936 638 995 fors
651 935 767 1014 adjuvet
780 957 881 996 ausum

203 1014 320 1074 Viribus
333 1015 496 1092 imparibus,
508 1034 701 1092 magnumque
713 1015 756 1073 ita
769 1017 805 1074 ad
817 1018 925 1077 aethera
937 1019 1029 1079 satur:

206 1095 290 1153 “Per
301 1095 391 1174 patris
405 1094 571 1172 hospitium,
585 1098 615 1152 et
628 1113 738 1152 mensas
752 1115 821 1171 quas
835 1097 943 1157 advena
955 1099 1049 1175 adisti,
1074 1154 1078 1161 .

205 1174 247 1233 Te
260 1195 366 1252 precor,
379 1174 488 1246 Alcide,
498 1174 599 1250 coeptis
612 1173 776 1250 ingentibus
790 1175 873 1234 adsis.

205 1254 311 1313 Cernat
325 1254 458 1312 semineci
470 1253 525 1312 sibi
538 1273 583 1311 me
596 1273 693 1329 rapere
706 1274 784 1312 arma
797 1259 923 1328 cruenta,

204 1333 407 1410 Victoremque
419 1334 513 1392 ferant
526 1333 677 1391 morientia
689 1333 797 1392 lumina
810 1335 930 1394 Turni.''

204 1414 308 1472 Audiit
321 1413 435 1472 Alcides
444 1413 589 1490 juvenem,
602 1433 794 1490 magnumque
807 1415 860 1473 sub
872 1415 931 1474 imo
1034 1484 1040 1493 ι

205 1492 296 1552 Corde
309 1493 413 1571 premit
425 1493 575 1572 gemitum,
587 1492 771 1570 lacrimasque
784 1494 884 1554 effudit
896 1495 1001 1554 inanes.

205 1573 282 1631 Tum
296 1573 416 1631 Genitor
429 1574 531 1630 natum
545 1571 629 1629 dictis
644 1572 747 1630 affatur
760 1573 873 1632 amicis:

163 1714 166 1719 ,
204 1654 299 1711 “Stat
313 1673 364 1711 sua
376 1652 477 1729 cuique
491 1651 567 1723 dies3
586 1651 671 1710 breve
684 1655 714 1710 et
727 1652 905 1729 irreparabile
917 1656 1031 1733 tempus

147 1688 168 1793 l
205 1733 345 1791 Omnibus
358 1734 403 1790 est
415 1732 502 1790 vitae:
523 1732 573 1789 sed
585 1731 694 1789 famam
704 1733 854 1791 extendere
867 1733 958 1807 factis,

151 1808 168 1851 '¹
204 1813 272 1871 Hoo
284 1812 402 1870 virtutis
416 1831 495 1888 opus.
536 1811 630 1889 Trojae
644 1811 697 1869 sub
710 1812 852 1870 moenibus
865 1812 931 1872 altis

204 1892 262 1951 Tot
275 1892 337 1950 nati
350 1891 472 1950 cecidere
486 1891 587 1962 deum;
607 1891 675 1968 quin
688 1890 792 1949 occidit
804 1912 862 1950 una

205 1972 357 2049 Sarpedon,
370 1991 435 2030 mea
446 1970 603 2048 progenies.
644 1970 744 2028 Etiam
757 1990 809 2029 sua
821 1971 952 2030 Turnum

204 2051 280 2111 Fata
291 2054 404 2123 vocant,
417 2053 563 2127 metasque
576 2049 637 2107 dati
649 2050 778 2126 pervenit
792 2051 828 2108 ad
840 2051 924 2111 aevi.’'

205 2130 251 2189 Sic
265 2131 314 2202 ait,
328 2134 413 2208 atquc
426 2130 522 2208 oculos
536 2129 712 2187 Rutulorum
724 2130 817 2208 rejicit
830 2131 913 2191 arvis.

203 2211 247 2268 At
260 2210 355 2268 Pallas
367 2210 479 2287 magnis
492 2209 602 2268 emittit
615 2208 722 2267 viribus
735 2209 858 2282 hastam,

204 2287 989 2448 [ldlaaliidlaiielidldeiidgsbiaetdddidideffinndimm

203 2449 320 2521 Incidit,
334 2453 420 2526 atque
433 2448 510 2506 viam
523 2448 606 2525 clipei
619 2449 720 2507 molita
732 2470 783 2526 per
794 2469 866 2522 oras,

204 2528 332 2587 Tandem
346 2529 434 2588 etiam
446 2548 551 2606 magno
565 2528 682 2587 strinxit
696 2529 731 2589 de
744 2549 859 2607 corpore
872 2529 971 2589 Turni.

203 2608 264 2666 Hic
278 2609 391 2666 Turnm
404 2608 478 2667 ferro
490 2608 639 2685 praefixum
652 2609 738 2667 robur
750 2613 835 2668 acuto

200 2687 241 2746 {n
255 2688 387 2747 Pallanta
400 2688 451 2747 diu
461 2687 568 2746 librans
577 2687 658 2765 jacit,
671 2690 757 2764 atque
769 2689 813 2747 ita
825 2689 919 2748 futur:

204 2771 221 2798 “
229 2768 342 2845 Aspice,
355 2788 426 2826 num
438 2787 522 2844 mage
535 2767 573 2825 sit
586 2769 717 2825 nostrum
730 2768 903 2844 penetrabile
916 2766 1037 2827 telum.’'

202 2847 340 2921 Dixerat3
360 2850 391 2906 at
404 2847 535 2924 clipeum,
547 2848 595 2905 tot
608 2845 675 2904 ferri
686 2849 777 2924 terga,
790 2849 838 2906 tot
850 2847 914 2906 aeris

203 2926 300 2998 Quum
312 2927 392 3004 pellis
405 2927 513 2986 totiens
526 2926 610 2984 obeat
622 2925 797 2985 circumdata
808 2926 894 3000 tauri,

201 3005 337 3065 Vibranti
349 3007 476 3066 medium
488 3006 581 3083 cuspis
594 3007 805 3065 transverberat
817 3007 887 3078 ictu,

160 3126 164 3133 ·
202 3084 369 3164 Iroricaequc
382 3106 475 3144 moras
489 3089 519 3144 et
531 3088 631 3163 pectus
644 3086 769 3163 perforat
782 3086 892 3164 ingens.

202 3164 258 3224 Ille
270 3167 346 3244 rapit
359 3166 487 3247 calidum
496 3166 602 3224 frustra
615 3166 649 3224 de
662 3166 778 3226 vulnere
791 3166 899 3226 telum:

201 3240 272 3304 Una?
283 3247 435 3323 eademque
447 3240 495 3304 vit
507 3245 622 3322 sanguis
636 3245 803 3323 animusque
816 3248 983 3323 sequnntur.

202 3324 319 3385 Corruit
331 3326 362 3385 in
374 3325 496 3398 vulnus;
516 3326 643 3383 sonitum
656 3346 740 3402 super
753 3346 832 3384 arma
843 3326 961 3398 dedere3

202 3405 245 3464 Et
259 3408 365 3464 terram
377 3406 512 3465 hostilem
524 3404 647 3463 moriens
660 3406 735 3482 petit
748 3426 796 3466 ore
809 3408 936 3465 cruento.

202 3486 296 3556 Quem
309 3485 423 3543 Turnus
436 3505 519 3562 super
532 3485 686 3544 adsistens:

202 3568 219 3595 “
227 3565 361 3636 Arcades,
375 3566 464 3637 haec‚”
479 3565 582 3642 inquit,
596 3568 759 3623 “memores
772 3584 837 3622 mea
849 3564 928 3623 dicta
939 3562 1043 3623 referto

201 3643 337 3704 Evandro
347 3666 364 3704 ι’
375 3645 496 3718 Qualem
507 3645 622 3717 meruit,
636 3644 768 3703 Pallanta
779 3643 907 3703 remitto.

147 3774 165 3805 ,Ι
202 3723 336 3800 Quisquis
350 3726 439 3783 honos
452 3724 566 3796 tumuli,
580 3723 717 3801 quidquid
730 3724 855 3783 solamen
867 3723 1005 3783 humandi
1018 3725 1072 3794 est,

201 3801 331 3882 Largior.
372 3805 462 3863 Haud
473 3804 516 3862 illi
529 3804 648 3863 stabunt
661 3805 764 3864 AElneia
796 3824 863 3863 arvo

202 3882 369 3961 Hospitia.”
410 3884 454 3943 Et
466 3880 538 3943 loedo
551 3883 655 3962 pressit
667 3885 765 3962 pedet
795 3883 801 3897 ’
832 3884 910 3943 fatus

203 3962 384 4038 Exanimem,
397 3964 509 4043 rapiens
521 3963 658 4023 immania
670 3965 794 4042 pondera
805 3962 903 4038 baltei,

664 4061 682 4103 u
