<?xml version="1.0" encoding="UTF-8"?>
<!DOCTYPE html PUBLIC "-//W3C//DTD XHTML 1.0 Transitional//EN"
    "http://www.w3.org/TR/xhtml1/DTD/xhtml1-transitional.dtd">
<html xmlns="http://www.w3.org/1999/xhtml" xml:lang="en" lang="en">
 <head>
  <title>
</title>
<meta http-equiv="Content-Type" content="text/html;charset=utf-8" />
  <meta name='ocr-system' content='tesseract 3.04.00' />
  <meta name='ocr-capabilities' content='ocr_page ocr_carea ocr_par ocr_line ocrx_word'/>
</head>
<body>
  <div class='ocr_page' id='page_1' title='image "./workspubliusvir00thomgoog_0414.png"; bbox 0 0 2506 4298; ppageno 0'>
   <div class='ocr_carea' id='block_1_1' title="bbox 150 239 786 298">
    <p class='ocr_par' dir='ltr' id='par_1_1' title="bbox 150 239 786 298">
     <span class='ocr_line' id='line_1_1' title="bbox 150 239 786 298; baseline -0.006 0"><span class='ocrx_word' id='word_1_1' title='bbox 150 239 209 298; x_wconf 83' lang='lat'>380</span> <span class='ocrx_word' id='word_1_2' title='bbox 451 251 632 295; x_wconf 74' lang='lat' dir='ltr'>arruornn</span> <span class='ocrx_word' id='word_1_3' title='bbox 644 250 786 294; x_wconf 77' lang='lat' dir='ltr'>morus</span> 
     </span>
    </p>
   </div>
   <div class='ocr_carea' id='block_1_2' title="bbox 113 393 1025 4068">
    <p class='ocr_par' dir='ltr' id='par_1_2' title="bbox 150 393 849 791">
     <span class='ocr_line' id='line_1_2' title="bbox 150 393 775 468; baseline -0.002 -14"><span class='ocrx_word' id='word_1_4' title='bbox 150 395 255 455; x_wconf 77' lang='lat' dir='ltr'>AEneas</span> <span class='ocrx_word' id='word_1_5' title='bbox 268 393 345 454; x_wconf 85' lang='lat' dir='ltr'>acuit</span> <span class='ocrx_word' id='word_1_6' title='bbox 358 395 493 468; x_wconf 82' lang='lat' dir='ltr'>Martem,</span> <span class='ocrx_word' id='word_1_7' title='bbox 507 397 537 454; x_wconf 94' lang='lat' dir='ltr'>et</span> <span class='ocrx_word' id='word_1_8' title='bbox 550 415 580 454; x_wconf 92' lang='lat' dir='ltr'>se</span> <span class='ocrx_word' id='word_1_9' title='bbox 593 395 711 454; x_wconf 87' lang='lat' dir='ltr'>suscitat</span> <span class='ocrx_word' id='word_1_10' title='bbox 724 395 775 466; x_wconf 87' lang='lat' dir='ltr'>ira,</span> 
     </span>
     <span class='ocr_line' id='line_1_3' title="bbox 150 475 783 553; baseline -0.003 -19"><span class='ocrx_word' id='word_1_11' title='bbox 150 475 256 534; x_wconf 89' lang='lat' dir='ltr'>Oblato</span> <span class='ocrx_word' id='word_1_12' title='bbox 269 476 395 553; x_wconf 90' lang='lat' dir='ltr'>gaudens</span> <span class='ocrx_word' id='word_1_13' title='bbox 409 475 539 553; x_wconf 90' lang='lat' dir='ltr'>componi</span> <span class='ocrx_word' id='word_1_14' title='bbox 552 475 655 534; x_wconf 81' lang='lat' dir='ltr'>foedere</span> <span class='ocrx_word' id='word_1_15' title='bbox 668 475 783 546; x_wconf 88' lang='lat' dir='ltr'>bellum,</span> 
     </span>
     <span class='ocr_line' id='line_1_4' title="bbox 151 553 814 632; baseline -0.006 -18"><span class='ocrx_word' id='word_1_16' title='bbox 151 555 228 614; x_wconf 80' lang='lat' dir='ltr'>Tum</span> <span class='ocrx_word' id='word_1_17' title='bbox 240 554 329 614; x_wconf 91' lang='lat' dir='ltr'>socios</span> <span class='ocrx_word' id='word_1_18' title='bbox 343 555 490 632; x_wconf 79' lang='lat' dir='ltr'>maestique</span> <span class='ocrx_word' id='word_1_19' title='bbox 502 557 613 613; x_wconf 90' lang='lat' dir='ltr'>metum</span> <span class='ocrx_word' id='word_1_20' title='bbox 626 555 734 613; x_wconf 90' lang='lat' dir='ltr'>solatur</span> <span class='ocrx_word' id='word_1_21' title='bbox 747 553 814 625; x_wconf 90' lang='lat' dir='ltr'>Iuli,</span> 
     </span>
     <span class='ocr_line' id='line_1_5' title="bbox 152 633 849 713; baseline 0 -20"><span class='ocrx_word' id='word_1_22' title='bbox 152 634 227 693; x_wconf 82' lang='lat' dir='ltr'>Fata</span> <span class='ocrx_word' id='word_1_23' title='bbox 239 635 358 707; x_wconf 84' lang='lat' dir='ltr'>docens3</span> <span class='ocrx_word' id='word_1_24' title='bbox 376 634 492 712; x_wconf 90' lang='lat' dir='ltr'>regique</span> <span class='ocrx_word' id='word_1_25' title='bbox 502 634 586 713; x_wconf 88' lang='lat' dir='ltr'>jubet</span> <span class='ocrx_word' id='word_1_26' title='bbox 597 654 731 712; x_wconf 89' lang='lat' dir='ltr'>responsa</span> <span class='ocrx_word' id='word_1_27' title='bbox 743 633 849 693; x_wconf 87' lang='lat' dir='ltr'>Latino</span> 
     </span>
     <span class='ocr_line' id='line_1_6' title="bbox 152 713 783 791; baseline 0 -20"><span class='ocrx_word' id='word_1_28' title='bbox 152 713 238 773; x_wconf 81' lang='lat' dir='ltr'>Certa</span> <span class='ocrx_word' id='word_1_29' title='bbox 249 714 351 772; x_wconf 88' lang='lat' dir='ltr'>referre</span> <span class='ocrx_word' id='word_1_30' title='bbox 364 714 448 786; x_wconf 87' lang='lat' dir='ltr'>viros,</span> <span class='ocrx_word' id='word_1_31' title='bbox 461 716 491 772; x_wconf 92' lang='lat' dir='ltr'>et</span> <span class='ocrx_word' id='word_1_32' title='bbox 504 714 580 791; x_wconf 85' lang='lat' dir='ltr'>pacis</span> <span class='ocrx_word' id='word_1_33' title='bbox 594 714 685 772; x_wconf 79' lang='lat' dir='ltr'>dicere</span> <span class='ocrx_word' id='word_1_34' title='bbox 697 714 783 791; x_wconf 89' lang='lat' dir='ltr'>leges.</span> 
     </span>
    </p>

    <p class='ocr_par' dir='ltr' id='par_1_3' title="bbox 151 793 935 1189">
     <span class='ocr_line' id='line_1_7' title="bbox 191 793 916 871; baseline -0.003 -19"><span class='ocrx_word' id='word_1_35' title='bbox 191 793 311 852; x_wconf 87' lang='lat' dir='ltr'>Postera</span> <span class='ocrx_word' id='word_1_36' title='bbox 322 793 371 851; x_wconf 84' lang='lat' dir='ltr'>vix</span> <span class='ocrx_word' id='word_1_37' title='bbox 383 813 508 852; x_wconf 87' lang='lat' dir='ltr'>summos</span> <span class='ocrx_word' id='word_1_38' title='bbox 522 793 672 871; x_wconf 74' lang='lat' dir='ltr'>spargebat</span> <span class='ocrx_word' id='word_1_39' title='bbox 684 793 791 850; x_wconf 87' lang='lat' dir='ltr'>lumine</span> <span class='ocrx_word' id='word_1_40' title='bbox 804 794 916 851; x_wconf 90' lang='lat' dir='ltr'>montes</span> 
     </span>
     <span class='ocr_line' id='line_1_8' title="bbox 152 872 933 953; baseline -0.001 -22"><span class='ocrx_word' id='word_1_41' title='bbox 152 873 225 932; x_wconf 86' lang='lat' dir='ltr'>Orta</span> <span class='ocrx_word' id='word_1_42' title='bbox 237 873 295 932; x_wconf 91' lang='lat' dir='ltr'>dies</span> <span class='ocrx_word' id='word_1_43' title='bbox 305 897 312 946; x_wconf 90' lang='lat'>;</span> <span class='ocrx_word' id='word_1_44' title='bbox 333 892 420 950; x_wconf 92' lang='lat' dir='ltr'>quum</span> <span class='ocrx_word' id='word_1_45' title='bbox 437 872 562 950; x_wconf 89' lang='lat' dir='ltr'>primum</span> <span class='ocrx_word' id='word_1_46' title='bbox 574 872 634 931; x_wconf 89' lang='lat' dir='ltr'>alto</span> <span class='ocrx_word' id='word_1_47' title='bbox 647 893 676 930; x_wconf 91' lang='lat' dir='ltr'>se</span> <span class='ocrx_word' id='word_1_48' title='bbox 689 872 804 951; x_wconf 74' lang='lat' dir='ltr'>grugite</span> <span class='ocrx_word' id='word_1_49' title='bbox 816 872 933 953; x_wconf 65' lang='lat' dir='ltr'>tollunt</span> 
     </span>
     <span class='ocr_line' id='line_1_9' title="bbox 152 952 818 1031; baseline 0.002 -22"><span class='ocrx_word' id='word_1_50' title='bbox 152 953 225 1011; x_wconf 85' lang='lat' dir='ltr'>Solis</span> <span class='ocrx_word' id='word_1_51' title='bbox 238 953 311 1031; x_wconf 92' lang='lat' dir='ltr'>equi,</span> <span class='ocrx_word' id='word_1_52' title='bbox 324 952 471 1029; x_wconf 88' lang='lat' dir='ltr'>lucemque</span> <span class='ocrx_word' id='word_1_53' title='bbox 484 952 565 1010; x_wconf 89' lang='lat' dir='ltr'>elatis</span> <span class='ocrx_word' id='word_1_54' title='bbox 578 952 692 1010; x_wconf 90' lang='lat' dir='ltr'>naribus</span> <span class='ocrx_word' id='word_1_55' title='bbox 705 952 818 1010; x_wconf 89' lang='lat' dir='ltr'>efflant:</span> 
     </span>
     <span class='ocr_line' id='line_1_10' title="bbox 152 1030 935 1110; baseline 0 -20"><span class='ocrx_word' id='word_1_56' title='bbox 152 1032 292 1110; x_wconf 81' lang='lat' dir='ltr'>Campum</span> <span class='ocrx_word' id='word_1_57' title='bbox 306 1033 342 1090; x_wconf 91' lang='lat' dir='ltr'>ad</span> <span class='ocrx_word' id='word_1_58' title='bbox 355 1035 497 1090; x_wconf 86' lang='lat' dir='ltr'>certamen</span> <span class='ocrx_word' id='word_1_59' title='bbox 510 1052 622 1109; x_wconf 87' lang='lat' dir='ltr'>magnae</span> <span class='ocrx_word' id='word_1_60' title='bbox 635 1032 688 1090; x_wconf 88' lang='lat' dir='ltr'>sub</span> <span class='ocrx_word' id='word_1_61' title='bbox 701 1030 842 1090; x_wconf 88' lang='lat' dir='ltr'>moenibus</span> <span class='ocrx_word' id='word_1_62' title='bbox 856 1031 935 1090; x_wconf 90' lang='lat' dir='ltr'>urbis</span> 
     </span>
     <span class='ocr_line' id='line_1_11' title="bbox 151 1111 859 1189; baseline -0.003 -19"><span class='ocrx_word' id='word_1_63' title='bbox 151 1111 283 1170; x_wconf 91' lang='lat' dir='ltr'>Dimensi</span> <span class='ocrx_word' id='word_1_64' title='bbox 296 1111 455 1188; x_wconf 77' lang='lat' dir='ltr'>Rutulique</span> <span class='ocrx_word' id='word_1_65' title='bbox 468 1111 521 1169; x_wconf 82' lang='lat' dir='ltr'>viri</span> <span class='ocrx_word' id='word_1_66' title='bbox 535 1111 692 1189; x_wconf 81' lang='lat' dir='ltr'>Teucrique</span> <span class='ocrx_word' id='word_1_67' title='bbox 705 1111 859 1188; x_wconf 89' lang='lat' dir='ltr'>parabant;</span> 
     </span>
    </p>

    <p class='ocr_par' dir='ltr' id='par_1_4' title="bbox 152 1191 917 1426">
     <span class='ocr_line' id='line_1_12' title="bbox 152 1191 822 1269; baseline -0.001 -20"><span class='ocrx_word' id='word_1_68' title='bbox 152 1191 190 1249; x_wconf 93' lang='lat' dir='ltr'>In</span> <span class='ocrx_word' id='word_1_69' title='bbox 202 1191 349 1269; x_wconf 90' lang='lat' dir='ltr'>medioque</span> <span class='ocrx_word' id='word_1_70' title='bbox 362 1191 439 1249; x_wconf 89' lang='lat' dir='ltr'>focos</span> <span class='ocrx_word' id='word_1_71' title='bbox 452 1194 483 1249; x_wconf 91' lang='lat' dir='ltr'>et</span> <span class='ocrx_word' id='word_1_72' title='bbox 496 1191 539 1248; x_wconf 89' lang='lat' dir='ltr'>dis</span> <span class='ocrx_word' id='word_1_73' title='bbox 552 1191 749 1249; x_wconf 89' lang='lat' dir='ltr'>communibus</span> <span class='ocrx_word' id='word_1_74' title='bbox 762 1210 822 1248; x_wconf 85' lang='lat' dir='ltr'>aras</span> 
     </span>
     <span class='ocr_line' id='line_1_13' title="bbox 153 1270 917 1348; baseline 0 -20"><span class='ocrx_word' id='word_1_75' title='bbox 153 1270 327 1330; x_wconf 76' lang='lat' dir='ltr'>Gramineus.</span> <span class='ocrx_word' id='word_1_76' title='bbox 367 1271 426 1328; x_wconf 85' lang='lat' dir='ltr'>Alii</span> <span class='ocrx_word' id='word_1_77' title='bbox 439 1271 603 1347; x_wconf 74' lang='lat' dir='ltr'>fontemque</span> <span class='ocrx_word' id='word_1_78' title='bbox 615 1270 767 1348; x_wconf 87' lang='lat' dir='ltr'>ignemque</span> <span class='ocrx_word' id='word_1_79' title='bbox 780 1270 917 1342; x_wconf 87' lang='lat' dir='ltr'>ferebant,</span> 
     </span>
     <span class='ocr_line' id='line_1_14' title="bbox 152 1349 769 1426; baseline -0.002 -18"><span class='ocrx_word' id='word_1_80' title='bbox 152 1350 248 1409; x_wconf 79' lang='lat' dir='ltr'>Veluti</span> <span class='ocrx_word' id='word_1_81' title='bbox 260 1351 337 1423; x_wconf 87' lang='lat' dir='ltr'>limo,</span> <span class='ocrx_word' id='word_1_82' title='bbox 352 1354 382 1409; x_wconf 93' lang='lat' dir='ltr'>et</span> <span class='ocrx_word' id='word_1_83' title='bbox 395 1352 517 1409; x_wconf 87' lang='lat' dir='ltr'>verbena</span> <span class='ocrx_word' id='word_1_84' title='bbox 528 1353 658 1426; x_wconf 89' lang='lat' dir='ltr'>tempora</span> <span class='ocrx_word' id='word_1_85' title='bbox 670 1349 769 1408; x_wconf 89' lang='lat' dir='ltr'>vincti.</span> 
     </span>
    </p>

    <p class='ocr_par' dir='ltr' id='par_1_5' title="bbox 152 1429 914 1668">
     <span class='ocr_line' id='line_1_15' title="bbox 152 1429 834 1507; baseline -0.001 -20"><span class='ocrx_word' id='word_1_86' title='bbox 152 1429 286 1488; x_wconf 88' lang='lat' dir='ltr'>Procedit</span> <span class='ocrx_word' id='word_1_87' title='bbox 299 1430 373 1507; x_wconf 92' lang='lat' dir='ltr'>legio</span> <span class='ocrx_word' id='word_1_88' title='bbox 387 1430 574 1502; x_wconf 85' lang='lat' dir='ltr'>Ausonidum,</span> <span class='ocrx_word' id='word_1_89' title='bbox 587 1429 730 1507; x_wconf 88' lang='lat' dir='ltr'>pilataque</span> <span class='ocrx_word' id='word_1_90' title='bbox 744 1429 834 1507; x_wconf 89' lang='lat' dir='ltr'>plenis</span> 
     </span>
     <span class='ocr_line' id='line_1_16' title="bbox 152 1507 914 1587; baseline -0.003 -19"><span class='ocrx_word' id='word_1_91' title='bbox 152 1508 279 1587; x_wconf 86' lang='lat' dir='ltr'>Agmina</span> <span class='ocrx_word' id='word_1_92' title='bbox 291 1530 321 1568; x_wconf 92' lang='lat' dir='ltr'>se</span> <span class='ocrx_word' id='word_1_93' title='bbox 334 1510 460 1568; x_wconf 88' lang='lat' dir='ltr'>fundunt</span> <span class='ocrx_word' id='word_1_94' title='bbox 472 1511 572 1586; x_wconf 90' lang='lat' dir='ltr'>portis.</span> <span class='ocrx_word' id='word_1_95' title='bbox 612 1508 691 1567; x_wconf 91' lang='lat' dir='ltr'>Hinc</span> <span class='ocrx_word' id='word_1_96' title='bbox 705 1509 810 1567; x_wconf 70' lang='lat' dir='ltr'>Troius</span> <span class='ocrx_word' id='word_1_97' title='bbox 823 1507 914 1567; x_wconf 87' lang='lat' dir='ltr'>omnis</span> 
     </span>
     <span class='ocr_line' id='line_1_17' title="bbox 153 1588 809 1668; baseline -0.002 -21"><span class='ocrx_word' id='word_1_98' title='bbox 153 1589 373 1668; x_wconf 85' lang='lat' dir='ltr'>Tyrrhenusque</span> <span class='ocrx_word' id='word_1_99' title='bbox 385 1589 444 1646; x_wconf 90' lang='lat' dir='ltr'>ruit</span> <span class='ocrx_word' id='word_1_100' title='bbox 457 1589 542 1646; x_wconf 90' lang='lat' dir='ltr'>variis</span> <span class='ocrx_word' id='word_1_101' title='bbox 555 1588 693 1646; x_wconf 83' lang='lat' dir='ltr'>exercitus</span> <span class='ocrx_word' id='word_1_102' title='bbox 706 1588 809 1660; x_wconf 89' lang='lat' dir='ltr'>armis;</span> 
     </span>
    </p>

    <p class='ocr_par' dir='ltr' id='par_1_6' title="bbox 152 1666 941 1904">
     <span class='ocr_line' id='line_1_18' title="bbox 152 1666 941 1745; baseline -0.004 -18"><span class='ocrx_word' id='word_1_103' title='bbox 152 1669 242 1727; x_wconf 88' lang='lat' dir='ltr'>Haud</span> <span class='ocrx_word' id='word_1_104' title='bbox 255 1689 334 1728; x_wconf 88' lang='lat' dir='ltr'>secus</span> <span class='ocrx_word' id='word_1_105' title='bbox 347 1669 481 1728; x_wconf 85' lang='lat' dir='ltr'>instructi</span> <span class='ocrx_word' id='word_1_106' title='bbox 493 1669 575 1741; x_wconf 89' lang='lat' dir='ltr'>ferro,</span> <span class='ocrx_word' id='word_1_107' title='bbox 590 1687 675 1744; x_wconf 88' lang='lat' dir='ltr'>quam</span> <span class='ocrx_word' id='word_1_108' title='bbox 689 1668 713 1726; x_wconf 90' lang='lat' dir='ltr'>si</span> <span class='ocrx_word' id='word_1_109' title='bbox 726 1688 824 1745; x_wconf 89' lang='lat' dir='ltr'>aspera</span> <span class='ocrx_word' id='word_1_110' title='bbox 837 1666 941 1725; x_wconf 88' lang='lat' dir='ltr'>Martis</span> 
     </span>
     <span class='ocr_line' id='line_1_19' title="bbox 153 1747 896 1827; baseline -0.004 -20"><span class='ocrx_word' id='word_1_111' title='bbox 153 1749 257 1827; x_wconf 89' lang='lat' dir='ltr'>Pugna</span> <span class='ocrx_word' id='word_1_112' title='bbox 268 1752 360 1807; x_wconf 88' lang='lat' dir='ltr'>vocet.</span> <span class='ocrx_word' id='word_1_113' title='bbox 401 1748 464 1807; x_wconf 90' lang='lat' dir='ltr'>Nec</span> <span class='ocrx_word' id='word_1_114' title='bbox 477 1768 535 1807; x_wconf 91' lang='lat' dir='ltr'>non</span> <span class='ocrx_word' id='word_1_115' title='bbox 548 1747 648 1806; x_wconf 92' lang='lat' dir='ltr'>mediis</span> <span class='ocrx_word' id='word_1_116' title='bbox 661 1748 692 1806; x_wconf 90' lang='lat' dir='ltr'>in</span> <span class='ocrx_word' id='word_1_117' title='bbox 704 1748 829 1805; x_wconf 86' lang='lat' dir='ltr'>millibus</span> <span class='ocrx_word' id='word_1_118' title='bbox 842 1747 896 1825; x_wconf 89' lang='lat' dir='ltr'>ipsi</span> 
     </span>
     <span class='ocr_line' id='line_1_20' title="bbox 153 1827 774 1904; baseline -0.003 -18"><span class='ocrx_word' id='word_1_119' title='bbox 153 1828 295 1887; x_wconf 85' lang='lat' dir='ltr'>Ductores</span> <span class='ocrx_word' id='word_1_120' title='bbox 309 1848 376 1887; x_wconf 90' lang='lat' dir='ltr'>auro</span> <span class='ocrx_word' id='word_1_121' title='bbox 389 1828 513 1887; x_wconf 89' lang='lat' dir='ltr'>volitant</span> <span class='ocrx_word' id='word_1_122' title='bbox 527 1831 660 1904; x_wconf 89' lang='lat' dir='ltr'>ostroque</span> <span class='ocrx_word' id='word_1_123' title='bbox 673 1827 774 1899; x_wconf 88' lang='lat' dir='ltr'>decori,</span> 
     </span>
    </p>

    <p class='ocr_par' dir='ltr' id='par_1_7' title="bbox 152 1906 909 2225">
     <span class='ocr_line' id='line_1_21' title="bbox 152 1906 900 1986; baseline -0.003 -20"><span class='ocrx_word' id='word_1_124' title='bbox 152 1908 195 1966; x_wconf 83' lang='lat' dir='ltr'>Et</span> <span class='ocrx_word' id='word_1_125' title='bbox 208 1929 298 1986; x_wconf 90' lang='lat' dir='ltr'>genus</span> <span class='ocrx_word' id='word_1_126' title='bbox 312 1908 443 1966; x_wconf 84' lang='lat' dir='ltr'>Assaraci</span> <span class='ocrx_word' id='word_1_127' title='bbox 456 1907 635 1980; x_wconf 87' lang='lat' dir='ltr'>Mnestheus,</span> <span class='ocrx_word' id='word_1_128' title='bbox 649 1910 678 1965; x_wconf 90' lang='lat' dir='ltr'>et</span> <span class='ocrx_word' id='word_1_129' title='bbox 692 1907 774 1965; x_wconf 88' lang='lat' dir='ltr'>fortis</span> <span class='ocrx_word' id='word_1_130' title='bbox 788 1906 900 1984; x_wconf 84' lang='lat' dir='ltr'>Asylos,</span> 
     </span>
     <span class='ocr_line' id='line_1_22' title="bbox 153 1986 897 2066; baseline -0.004 -20"><span class='ocrx_word' id='word_1_131' title='bbox 153 1988 196 2046; x_wconf 82' lang='lat' dir='ltr'>Et</span> <span class='ocrx_word' id='word_1_132' title='bbox 210 1988 359 2066; x_wconf 85' lang='lat' dir='ltr'>Messapus</span> <span class='ocrx_word' id='word_1_133' title='bbox 373 2007 478 2064; x_wconf 92' lang='lat' dir='ltr'>equum</span> <span class='ocrx_word' id='word_1_134' title='bbox 491 1987 623 2059; x_wconf 87' lang='lat' dir='ltr'>domitor,</span> <span class='ocrx_word' id='word_1_135' title='bbox 636 1986 785 2064; x_wconf 87' lang='lat' dir='ltr'>Neptunia</span> <span class='ocrx_word' id='word_1_136' title='bbox 797 1986 897 2063; x_wconf 91' lang='lat' dir='ltr'>proles.</span> 
     </span>
     <span class='ocr_line' id='line_1_23' title="bbox 153 2065 909 2145; baseline -0.003 -20"><span class='ocrx_word' id='word_1_137' title='bbox 153 2067 253 2145; x_wconf 91' lang='lat' dir='ltr'>thue</span> <span class='ocrx_word' id='word_1_138' title='bbox 266 2068 334 2126; x_wconf 89' lang='lat' dir='ltr'>dato</span> <span class='ocrx_word' id='word_1_139' title='bbox 347 2068 429 2144; x_wconf 88' lang='lat' dir='ltr'>signo</span> <span class='ocrx_word' id='word_1_140' title='bbox 443 2068 535 2144; x_wconf 85' lang='lat' dir='ltr'>spatia</span> <span class='ocrx_word' id='word_1_141' title='bbox 547 2067 578 2125; x_wconf 92' lang='lat' dir='ltr'>in</span> <span class='ocrx_word' id='word_1_142' title='bbox 592 2087 643 2125; x_wconf 87' lang='lat' dir='ltr'>sua</span> <span class='ocrx_word' id='word_1_143' title='bbox 655 2067 773 2144; x_wconf 92' lang='lat' dir='ltr'>quisque</span> <span class='ocrx_word' id='word_1_144' title='bbox 785 2065 909 2138; x_wconf 88' lang='lat' dir='ltr'>recessit,</span> 
     </span>
     <span class='ocr_line' id='line_1_24' title="bbox 152 2147 823 2225; baseline -0.006 -19"><span class='ocrx_word' id='word_1_145' title='bbox 152 2147 292 2225; x_wconf 81' lang='lat' dir='ltr'>Refigrmt</span> <span class='ocrx_word' id='word_1_146' title='bbox 306 2147 406 2207; x_wconf 90' lang='lat' dir='ltr'>tellure</span> <span class='ocrx_word' id='word_1_147' title='bbox 419 2147 525 2219; x_wconf 87' lang='lat' dir='ltr'>hastas,</span> <span class='ocrx_word' id='word_1_148' title='bbox 539 2151 569 2205; x_wconf 94' lang='lat' dir='ltr'>et</span> <span class='ocrx_word' id='word_1_149' title='bbox 583 2149 664 2205; x_wconf 87' lang='lat' dir='ltr'>scuta</span> <span class='ocrx_word' id='word_1_150' title='bbox 677 2147 823 2205; x_wconf 90' lang='lat' dir='ltr'>reclinant.</span> 
     </span>
    </p>

    <p class='ocr_par' dir='ltr' id='par_1_8' title="bbox 152 2226 896 2462">
     <span class='ocr_line' id='line_1_25' title="bbox 152 2226 896 2303; baseline -0.003 -19"><span class='ocrx_word' id='word_1_151' title='bbox 152 2227 229 2284; x_wconf 82' lang='lat' dir='ltr'>Tum</span> <span class='ocrx_word' id='word_1_152' title='bbox 242 2227 337 2285; x_wconf 91' lang='lat' dir='ltr'>studio</span> <span class='ocrx_word' id='word_1_153' title='bbox 351 2228 447 2285; x_wconf 87' lang='lat' dir='ltr'>effusae</span> <span class='ocrx_word' id='word_1_154' title='bbox 460 2230 573 2298; x_wconf 91' lang='lat' dir='ltr'>matres,</span> <span class='ocrx_word' id='word_1_155' title='bbox 588 2229 617 2284; x_wconf 94' lang='lat' dir='ltr'>et</span> <span class='ocrx_word' id='word_1_156' title='bbox 630 2226 733 2303; x_wconf 80' lang='lat' dir='ltr'>vulgus</span> <span class='ocrx_word' id='word_1_157' title='bbox 746 2226 896 2296; x_wconf 91' lang='lat' dir='ltr'>inermum,</span> 
     </span>
     <span class='ocr_line' id='line_1_26' title="bbox 154 2307 838 2382; baseline -0.001 -18"><span class='ocrx_word' id='word_1_158' title='bbox 154 2307 333 2382; x_wconf 89' lang='lat' dir='ltr'>Invalidique</span> <span class='ocrx_word' id='word_1_159' title='bbox 347 2326 435 2377; x_wconf 90' lang='lat' dir='ltr'>senes,</span> <span class='ocrx_word' id='word_1_160' title='bbox 448 2310 541 2364; x_wconf 89' lang='lat' dir='ltr'>turres</span> <span class='ocrx_word' id='word_1_161' title='bbox 555 2310 585 2363; x_wconf 90' lang='lat' dir='ltr'>et</span> <span class='ocrx_word' id='word_1_162' title='bbox 598 2309 677 2364; x_wconf 89' lang='lat' dir='ltr'>tecta</span> <span class='ocrx_word' id='word_1_163' title='bbox 690 2307 838 2364; x_wconf 90' lang='lat' dir='ltr'>domorum</span> 
     </span>
     <span class='ocr_line' id='line_1_27' title="bbox 153 2384 801 2462; baseline -0.003 -18"><span class='ocrx_word' id='word_1_164' title='bbox 153 2386 310 2457; x_wconf 90' lang='lat' dir='ltr'>Obsedere;</span> <span class='ocrx_word' id='word_1_165' title='bbox 330 2385 378 2443; x_wconf 87' lang='lat' dir='ltr'>alii</span> <span class='ocrx_word' id='word_1_166' title='bbox 391 2385 480 2462; x_wconf 90' lang='lat' dir='ltr'>portis</span> <span class='ocrx_word' id='word_1_167' title='bbox 495 2384 663 2444; x_wconf 91' lang='lat' dir='ltr'>sublimibus</span> <span class='ocrx_word' id='word_1_168' title='bbox 677 2386 801 2443; x_wconf 85' lang='lat' dir='ltr'>adstant.</span> 
     </span>
    </p>

    <p class='ocr_par' dir='ltr' id='par_1_9' title="bbox 153 2464 1025 2861">
     <span class='ocr_line' id='line_1_28' title="bbox 192 2464 966 2541; baseline -0.003 -19"><span class='ocrx_word' id='word_1_169' title='bbox 192 2465 234 2522; x_wconf 85' lang='lat' dir='ltr'>At</span> <span class='ocrx_word' id='word_1_170' title='bbox 248 2464 327 2523; x_wconf 86' lang='lat' dir='ltr'>June</span> <span class='ocrx_word' id='word_1_171' title='bbox 341 2485 356 2523; x_wconf 93' lang='lat' dir='ltr'>e</span> <span class='ocrx_word' id='word_1_172' title='bbox 370 2485 490 2535; x_wconf 90' lang='lat' dir='ltr'>summo,</span> <span class='ocrx_word' id='word_1_173' title='bbox 505 2465 553 2541; x_wconf 86' lang='lat' dir='ltr'>qui</span> <span class='ocrx_word' id='word_1_174' title='bbox 566 2485 642 2522; x_wconf 92' lang='lat' dir='ltr'>nunc</span> <span class='ocrx_word' id='word_1_175' title='bbox 656 2464 783 2522; x_wconf 87' lang='lat' dir='ltr'>Albanus</span> <span class='ocrx_word' id='word_1_176' title='bbox 796 2464 966 2535; x_wconf 86' lang='lat' dir='ltr'>habetur,—</span> 
     </span>
     <span class='ocr_line' id='line_1_29' title="bbox 154 2542 1025 2622; baseline -0.003 -20"><span class='ocrx_word' id='word_1_177' title='bbox 154 2545 230 2602; x_wconf 85' lang='lat' dir='ltr'>Tum</span> <span class='ocrx_word' id='word_1_178' title='bbox 243 2565 333 2622; x_wconf 93' lang='lat' dir='ltr'>neque</span> <span class='ocrx_word' id='word_1_179' title='bbox 346 2564 450 2602; x_wconf 91' lang='lat' dir='ltr'>nomen</span> <span class='ocrx_word' id='word_1_180' title='bbox 463 2548 533 2617; x_wconf 89' lang='lat' dir='ltr'>erat,</span> <span class='ocrx_word' id='word_1_181' title='bbox 546 2564 597 2602; x_wconf 91' lang='lat' dir='ltr'>nec</span> <span class='ocrx_word' id='word_1_182' title='bbox 610 2544 709 2615; x_wconf 89' lang='lat' dir='ltr'>honos,</span> <span class='ocrx_word' id='word_1_183' title='bbox 724 2546 774 2601; x_wconf 90' lang='lat' dir='ltr'>aut</span> <span class='ocrx_word' id='word_1_184' title='bbox 789 2543 880 2621; x_wconf 88' lang='lat' dir='ltr'>gloria</span> <span class='ocrx_word' id='word_1_185' title='bbox 893 2542 985 2600; x_wconf 91' lang='lat' dir='ltr'>monti</span> <span class='ocrx_word' id='word_1_186' title='bbox 993 2575 1025 2584; x_wconf 84' lang='lat'>—</span> 
     </span>
     <span class='ocr_line' id='line_1_30' title="bbox 153 2623 940 2701; baseline -0.003 -19"><span class='ocrx_word' id='word_1_187' title='bbox 153 2624 331 2701; x_wconf 90' lang='lat' dir='ltr'>Prospiciens</span> <span class='ocrx_word' id='word_1_188' title='bbox 344 2624 456 2682; x_wconf 90' lang='lat' dir='ltr'>tumulo</span> <span class='ocrx_word' id='word_1_189' title='bbox 470 2644 602 2700; x_wconf 89' lang='lat' dir='ltr'>campum</span> <span class='ocrx_word' id='word_1_190' title='bbox 615 2625 786 2700; x_wconf 86' lang='lat' dir='ltr'>aspectabat,</span> <span class='ocrx_word' id='word_1_191' title='bbox 800 2629 830 2681; x_wconf 92' lang='lat' dir='ltr'>et</span> <span class='ocrx_word' id='word_1_192' title='bbox 844 2623 940 2681; x_wconf 88' lang='lat' dir='ltr'>ambas</span> 
     </span>
     <span class='ocr_line' id='line_1_31' title="bbox 154 2702 881 2781; baseline -0.003 -19"><span class='ocrx_word' id='word_1_193' title='bbox 154 2704 332 2763; x_wconf 86' lang='lat' dir='ltr'>Laurentum</span> <span class='ocrx_word' id='word_1_194' title='bbox 346 2704 508 2781; x_wconf 85' lang='lat' dir='ltr'>Troumque</span> <span class='ocrx_word' id='word_1_195' title='bbox 522 2703 593 2762; x_wconf 91' lang='lat' dir='ltr'>acies</span> <span class='ocrx_word' id='word_1_196' title='bbox 607 2705 761 2779; x_wconf 88' lang='lat' dir='ltr'>urbemque</span> <span class='ocrx_word' id='word_1_197' title='bbox 775 2702 881 2761; x_wconf 87' lang='lat' dir='ltr'>Latini.</span> 
     </span>
     <span class='ocr_line' id='line_1_32' title="bbox 153 2784 770 2861; baseline -0.003 -19"><span class='ocrx_word' id='word_1_198' title='bbox 153 2785 308 2861; x_wconf 81' lang='lat' dir='ltr'>Extemplo</span> <span class='ocrx_word' id='word_1_199' title='bbox 324 2784 414 2842; x_wconf 88' lang='lat' dir='ltr'>Turni</span> <span class='ocrx_word' id='word_1_200' title='bbox 428 2784 467 2842; x_wconf 89' lang='lat' dir='ltr'>sic</span> <span class='ocrx_word' id='word_1_201' title='bbox 481 2787 525 2842; x_wconf 89' lang='lat' dir='ltr'>est</span> <span class='ocrx_word' id='word_1_202' title='bbox 539 2784 625 2841; x_wconf 88' lang='lat' dir='ltr'>affata</span> <span class='ocrx_word' id='word_1_203' title='bbox 638 2803 770 2855; x_wconf 91' lang='lat' dir='ltr'>sororem,</span> 
     </span>
    </p>

    <p class='ocr_par' dir='ltr' id='par_1_10' title="bbox 153 2861 888 3016">
     <span class='ocr_line' id='line_1_33' title="bbox 153 2861 886 2941; baseline -0.005 -19"><span class='ocrx_word' id='word_1_204' title='bbox 153 2864 230 2922; x_wconf 89' lang='lat' dir='ltr'>Diva</span> <span class='ocrx_word' id='word_1_205' title='bbox 243 2865 332 2935; x_wconf 88' lang='lat' dir='ltr'>deam,</span> <span class='ocrx_word' id='word_1_206' title='bbox 346 2864 456 2941; x_wconf 88' lang='lat' dir='ltr'>stagnis</span> <span class='ocrx_word' id='word_1_207' title='bbox 470 2885 530 2940; x_wconf 85' lang='lat' dir='ltr'>quae</span> <span class='ocrx_word' id='word_1_208' title='bbox 544 2863 764 2939; x_wconf 88' lang='lat' dir='ltr'>fluminibusque</span> <span class='ocrx_word' id='word_1_209' title='bbox 778 2861 886 2920; x_wconf 86' lang='lat' dir='ltr'>sonoris</span> 
     </span>
     <span class='ocr_line' id='line_1_34' title="bbox 154 2942 888 3016; baseline -0.004 -15"><span class='ocrx_word' id='word_1_210' title='bbox 154 2943 310 3016; x_wconf 83' lang='lat' dir='ltr'>Praesidet3</span> <span class='ocrx_word' id='word_1_211' title='bbox 330 2942 407 3001; x_wconf 91' lang='lat' dir='ltr'>hunc</span> <span class='ocrx_word' id='word_1_212' title='bbox 420 2943 462 3000; x_wconf 87' lang='lat' dir='ltr'>illi</span> <span class='ocrx_word' id='word_1_213' title='bbox 475 2964 524 3002; x_wconf 85' lang='lat' dir='ltr'>rex</span> <span class='ocrx_word' id='word_1_214' title='bbox 537 2942 650 3001; x_wconf 88' lang='lat' dir='ltr'>aetheris</span> <span class='ocrx_word' id='word_1_215' title='bbox 664 2943 738 3001; x_wconf 88' lang='lat' dir='ltr'>altus</span> <span class='ocrx_word' id='word_1_216' title='bbox 752 2942 888 3000; x_wconf 91' lang='lat' dir='ltr'>honorem</span> 
     </span>
    </p>

    <p class='ocr_par' dir='ltr' id='par_1_11' title="bbox 113 3022 775 3100">
     <span class='ocr_line' id='line_1_35' title="bbox 113 3022 775 3100; baseline 0.002 -21"><span class='ocrx_word' id='word_1_217' title='bbox 113 3057 114 3060; x_wconf 60' lang='lat'><em>=</em></span> <span class='ocrx_word' id='word_1_218' title='bbox 153 3023 271 3100; x_wconf 82' lang='lat' dir='ltr'>Jupiter</span> <span class='ocrx_word' id='word_1_219' title='bbox 284 3026 380 3100; x_wconf 89' lang='lat' dir='ltr'>crepta</span> <span class='ocrx_word' id='word_1_220' title='bbox 393 3043 444 3100; x_wconf 88' lang='lat' dir='ltr'>pro</span> <span class='ocrx_word' id='word_1_221' title='bbox 456 3023 622 3100; x_wconf 86' lang='lat' dir='ltr'>virginitate</span> <span class='ocrx_word' id='word_1_222' title='bbox 636 3022 775 3080; x_wconf 87' lang='lat' dir='ltr'>sacravit:</span> 
     </span>
    </p>

    <p class='ocr_par' dir='ltr' id='par_1_12' title="bbox 153 3100 997 3418">
     <span class='ocr_line' id='line_1_36' title="bbox 153 3100 997 3180; baseline -0.002 -21"><span class='ocrx_word' id='word_1_223' title='bbox 153 3106 170 3133; x_wconf 91' lang='lat'><strong>“</strong></span> <span class='ocrx_word' id='word_1_224' title='bbox 178 3103 325 3180; x_wconf 85' lang='lat' dir='ltr'>Nympha,</span> <span class='ocrx_word' id='word_1_225' title='bbox 339 3103 423 3160; x_wconf 92' lang='lat' dir='ltr'>decus</span> <span class='ocrx_word' id='word_1_226' title='bbox 435 3102 595 3174; x_wconf 87' lang='lat' dir='ltr'>fluviorum,</span> <span class='ocrx_word' id='word_1_227' title='bbox 609 3103 704 3160; x_wconf 87' lang='lat' dir='ltr'>animo</span> <span class='ocrx_word' id='word_1_228' title='bbox 717 3100 879 3178; x_wconf 89' lang='lat' dir='ltr'>gratissima</span> <span class='ocrx_word' id='word_1_229' title='bbox 891 3102 997 3172; x_wconf 91' lang='lat' dir='ltr'>nostro,</span> 
     </span>
     <span class='ocr_line' id='line_1_37' title="bbox 154 3181 870 3258; baseline -0.001 -19"><span class='ocrx_word' id='word_1_230' title='bbox 154 3181 222 3253; x_wconf 82' lang='lat' dir='ltr'>Scis,</span> <span class='ocrx_word' id='word_1_231' title='bbox 236 3186 271 3240; x_wconf 94' lang='lat' dir='ltr'>ut</span> <span class='ocrx_word' id='word_1_232' title='bbox 283 3186 314 3240; x_wconf 89' lang='lat' dir='ltr'>te</span> <span class='ocrx_word' id='word_1_233' title='bbox 328 3182 437 3240; x_wconf 91' lang='lat' dir='ltr'>cunctis</span> <span class='ocrx_word' id='word_1_234' title='bbox 450 3201 545 3253; x_wconf 88' lang='lat' dir='ltr'>unam,</span> <span class='ocrx_word' id='word_1_235' title='bbox 559 3201 744 3258; x_wconf 84' lang='lat' dir='ltr'>quaecumque</span> <span class='ocrx_word' id='word_1_236' title='bbox 758 3181 870 3238; x_wconf 87' lang='lat' dir='ltr'>Latinae</span> 
     </span>
     <span class='ocr_line' id='line_1_38' title="bbox 154 3260 863 3338; baseline 0.001 -21"><span class='ocrx_word' id='word_1_237' title='bbox 154 3260 335 3338; x_wconf 87' lang='lat' dir='ltr'>Magnanimi</span> <span class='ocrx_word' id='word_1_238' title='bbox 348 3261 370 3319; x_wconf 91' lang='lat' dir='ltr'><strong>J</strong></span> <span class='ocrx_word' id='word_1_239' title='bbox 371 3261 431 3319; x_wconf 87' lang='lat' dir='ltr'>ovis</span> <span class='ocrx_word' id='word_1_240' title='bbox 444 3262 590 3338; x_wconf 88' lang='lat' dir='ltr'>ingratum</span> <span class='ocrx_word' id='word_1_241' title='bbox 604 3262 751 3319; x_wconf 91' lang='lat' dir='ltr'>ascendere</span> <span class='ocrx_word' id='word_1_242' title='bbox 764 3261 863 3332; x_wconf 89' lang='lat' dir='ltr'>cubile,</span> 
     </span>
     <span class='ocr_line' id='line_1_39' title="bbox 153 3339 868 3418; baseline -0.001 -21"><span class='ocrx_word' id='word_1_243' title='bbox 153 3339 342 3413; x_wconf 73' lang='lat' dir='ltr'>Praetulerim,</span> <span class='ocrx_word' id='word_1_244' title='bbox 357 3341 474 3418; x_wconf 88' lang='lat' dir='ltr'>coelique</span> <span class='ocrx_word' id='word_1_245' title='bbox 487 3341 586 3399; x_wconf 89' lang='lat' dir='ltr'>lubens</span> <span class='ocrx_word' id='word_1_246' title='bbox 599 3341 630 3398; x_wconf 92' lang='lat' dir='ltr'>in</span> <span class='ocrx_word' id='word_1_247' title='bbox 643 3344 723 3418; x_wconf 87' lang='lat' dir='ltr'>parte</span> <span class='ocrx_word' id='word_1_248' title='bbox 736 3341 868 3398; x_wconf 88' lang='lat' dir='ltr'>locarim:</span> 
     </span>
    </p>

    <p class='ocr_par' dir='ltr' id='par_1_13' title="bbox 153 3418 882 3492">
     <span class='ocr_line' id='line_1_40' title="bbox 153 3418 882 3492; baseline 0 -16"><span class='ocrx_word' id='word_1_249' title='bbox 153 3418 239 3478; x_wconf 91' lang='lat' dir='ltr'>Disce</span> <span class='ocrx_word' id='word_1_250' title='bbox 251 3423 345 3492; x_wconf 93' lang='lat' dir='ltr'>tuum,</span> <span class='ocrx_word' id='word_1_251' title='bbox 358 3441 394 3479; x_wconf 92' lang='lat' dir='ltr'>ne</span> <span class='ocrx_word' id='word_1_252' title='bbox 408 3441 454 3480; x_wconf 93' lang='lat' dir='ltr'>me</span> <span class='ocrx_word' id='word_1_253' title='bbox 466 3421 585 3491; x_wconf 87' lang='lat' dir='ltr'>incuses,</span> <span class='ocrx_word' id='word_1_254' title='bbox 599 3420 734 3492; x_wconf 70' lang='lat' dir='ltr'>Jucmoa,</span> <span class='ocrx_word' id='word_1_255' title='bbox 748 3420 882 3478; x_wconf 90' lang='lat' dir='ltr'>dolorem.</span> 
     </span>
    </p>

    <p class='ocr_par' dir='ltr' id='par_1_14' title="bbox 154 3498 935 3652">
     <span class='ocr_line' id='line_1_41' title="bbox 154 3498 935 3577; baseline 0 -21"><span class='ocrx_word' id='word_1_256' title='bbox 154 3498 217 3570; x_wconf 82' lang='lat' dir='ltr'>Qua</span> <span class='ocrx_word' id='word_1_257' title='bbox 229 3500 290 3558; x_wconf 89' lang='lat' dir='ltr'>visa</span> <span class='ocrx_word' id='word_1_258' title='bbox 303 3503 347 3558; x_wconf 86' lang='lat' dir='ltr'>cst</span> <span class='ocrx_word' id='word_1_259' title='bbox 360 3500 475 3558; x_wconf 85' lang='lat' dir='ltr'>fortuna</span> <span class='ocrx_word' id='word_1_260' title='bbox 487 3500 556 3576; x_wconf 87' lang='lat' dir='ltr'>pati,</span> <span class='ocrx_word' id='word_1_261' title='bbox 571 3499 721 3577; x_wconf 78' lang='lat' dir='ltr'>Parcaque</span> <span class='ocrx_word' id='word_1_262' title='bbox 735 3498 865 3558; x_wconf 87' lang='lat' dir='ltr'>sinebant</span> <span class='ocrx_word' id='word_1_263' title='bbox 932 3562 935 3567; x_wconf 46' lang='grc'><strong>,</strong></span> 
     </span>
     <span class='ocr_line' id='line_1_42' title="bbox 154 3577 881 3652; baseline -0.001 -16"><span class='ocrx_word' id='word_1_264' title='bbox 154 3577 259 3637; x_wconf 77' lang='lat' dir='ltr'>Cedere</span> <span class='ocrx_word' id='word_1_265' title='bbox 272 3600 316 3637; x_wconf 92' lang='lat' dir='ltr'>res</span> <span class='ocrx_word' id='word_1_266' title='bbox 329 3579 423 3652; x_wconf 87' lang='lat' dir='ltr'>Latio,</span> <span class='ocrx_word' id='word_1_267' title='bbox 437 3580 568 3637; x_wconf 81' lang='lat' dir='ltr'>Turnum</span> <span class='ocrx_word' id='word_1_268' title='bbox 581 3583 610 3637; x_wconf 92' lang='lat' dir='ltr'>et</span> <span class='ocrx_word' id='word_1_269' title='bbox 623 3582 675 3637; x_wconf 90' lang='lat' dir='ltr'>tua</span> <span class='ocrx_word' id='word_1_270' title='bbox 688 3579 793 3637; x_wconf 91' lang='lat' dir='ltr'>moenia</span> <span class='ocrx_word' id='word_1_271' title='bbox 805 3578 881 3637; x_wconf 86' lang='lat' dir='ltr'>texi:</span> 
     </span>
    </p>

    <p class='ocr_par' dir='ltr' id='par_1_15' title="bbox 153 3658 944 3816">
     <span class='ocr_line' id='line_1_43' title="bbox 153 3658 944 3737; baseline 0.01 -23"><span class='ocrx_word' id='word_1_272' title='bbox 153 3658 240 3716; x_wconf 91' lang='lat' dir='ltr'>Nunc</span> <span class='ocrx_word' id='word_1_273' title='bbox 251 3659 386 3736; x_wconf 89' lang='lat' dir='ltr'>juvenem</span> <span class='ocrx_word' id='word_1_274' title='bbox 399 3659 554 3737; x_wconf 88' lang='lat' dir='ltr'>imparibus</span> <span class='ocrx_word' id='word_1_275' title='bbox 567 3659 649 3717; x_wconf 86' lang='lat' dir='ltr'>video</span> <span class='ocrx_word' id='word_1_276' title='bbox 663 3679 827 3718; x_wconf 90' lang='lat' dir='ltr'>concurrere</span> <span class='ocrx_word' id='word_1_277' title='bbox 840 3658 915 3729; x_wconf 86' lang='lat' dir='ltr'>fatis,</span> <span class='ocrx_word' id='word_1_278' title='bbox 942 3717 944 3722; x_wconf 83' lang='lat'><em>.</em></span> 
     </span>
     <span class='ocr_line' id='line_1_44' title="bbox 153 3736 855 3816; baseline -0.001 -20"><span class='ocrx_word' id='word_1_279' title='bbox 153 3736 363 3815; x_wconf 86' lang='lat' dir='ltr'>Parcarumque</span> <span class='ocrx_word' id='word_1_280' title='bbox 377 3737 435 3796; x_wconf 93' lang='lat' dir='ltr'>dies</span> <span class='ocrx_word' id='word_1_281' title='bbox 449 3742 479 3797; x_wconf 93' lang='lat' dir='ltr'>et</span> <span class='ocrx_word' id='word_1_282' title='bbox 491 3738 535 3796; x_wconf 88' lang='lat' dir='ltr'>vis</span> <span class='ocrx_word' id='word_1_283' title='bbox 548 3738 662 3797; x_wconf 90' lang='lat' dir='ltr'>inimica</span> <span class='ocrx_word' id='word_1_284' title='bbox 675 3739 855 3816; x_wconf 91' lang='lat' dir='ltr'>propinquat.</span> 
     </span>
    </p>

    <p class='ocr_par' dir='ltr' id='par_1_16' title="bbox 148 3817 1015 3982">
     <span class='ocr_line' id='line_1_45' title="bbox 152 3817 1015 3897; baseline -0.002 -21"><span class='ocrx_word' id='word_1_285' title='bbox 152 3817 223 3877; x_wconf 90' lang='lat' dir='ltr'>Non</span> <span class='ocrx_word' id='word_1_286' title='bbox 234 3837 362 3897; x_wconf 89' lang='lat' dir='ltr'>pugnam</span> <span class='ocrx_word' id='word_1_287' title='bbox 375 3817 496 3895; x_wconf 87' lang='lat' dir='ltr'>aspicere</span> <span class='ocrx_word' id='word_1_288' title='bbox 509 3818 582 3876; x_wconf 90' lang='lat' dir='ltr'>hanc</span> <span class='ocrx_word' id='word_1_289' title='bbox 596 3818 693 3890; x_wconf 88' lang='lat' dir='ltr'>oculis,</span> <span class='ocrx_word' id='word_1_290' title='bbox 703 3838 762 3876; x_wconf 93' lang='lat' dir='ltr'>non</span> <span class='ocrx_word' id='word_1_291' title='bbox 774 3818 879 3877; x_wconf 85' lang='lat' dir='ltr'>foedera</span> <span class='ocrx_word' id='word_1_292' title='bbox 891 3835 1015 3895; x_wconf 90' lang='lat' dir='ltr'>possum.</span> 
     </span>
     <span class='ocr_line' id='line_1_46' title="bbox 148 3896 829 3982; baseline -0.007 -22"><span class='ocrx_word' id='word_1_293' title='bbox 148 3899 203 3975; x_wconf 78' lang='lat' dir='ltr'>Tu,</span> <span class='ocrx_word' id='word_1_294' title='bbox 217 3920 271 3981; x_wconf 88' lang='lat' dir='ltr'>pro</span> <span class='ocrx_word' id='word_1_295' title='bbox 285 3918 424 3982; x_wconf 86' lang='lat' dir='ltr'>germano</span> <span class='ocrx_word' id='word_1_296' title='bbox 438 3896 465 3958; x_wconf 87' lang='lat' dir='ltr'>si</span> <span class='ocrx_word' id='word_1_297' title='bbox 476 3897 547 3978; x_wconf 91' lang='lat' dir='ltr'>quid</span> <span class='ocrx_word' id='word_1_298' title='bbox 555 3898 722 3977; x_wconf 77' lang='lat' dir='ltr'>prasentius</span> <span class='ocrx_word' id='word_1_299' title='bbox 734 3898 829 3968; x_wconf 84' lang='lat' dir='ltr'>audes,</span> 
     </span>
    </p>

    <p class='ocr_par' dir='ltr' id='par_1_17' title="bbox 137 3975 981 4068">
     <span class='ocr_line' id='line_1_47' title="bbox 137 3975 981 4068; baseline -0.015 -25"><span class='ocrx_word' id='word_1_300' title='bbox 137 3982 258 4068; x_wconf 85' lang='lat' dir='ltr'>Perge;</span> <span class='ocrx_word' id='word_1_301' title='bbox 281 3984 378 4048; x_wconf 90' lang='lat' dir='ltr'>decet.</span> <span class='ocrx_word' id='word_1_302' title='bbox 419 3981 540 4044; x_wconf 79' lang='lat' dir='ltr'>Forsan</span> <span class='ocrx_word' id='word_1_303' title='bbox 548 3979 670 4040; x_wconf 72' lang='lat' dir='ltr'>miseros</span> <span class='ocrx_word' id='word_1_304' title='bbox 679 3977 801 4036; x_wconf 77' lang='lat' dir='ltr'>meliora</span> <span class='ocrx_word' id='word_1_305' title='bbox 808 3975 981 4049; x_wconf 54' lang='lat' dir='ltr'>sequentur?</span> 
     </span>
    </p>
   </div>
   <div class='ocr_carea' id='block_1_3' title="bbox 0 0 1263 4298">
    <p class='ocr_par' dir='ltr' id='par_1_18' title="bbox 0 0 1263 4298">
     <span class='ocr_line' id='line_1_48' title="bbox 0 0 1263 4298; baseline 0 0"><span class='ocrx_word' id='word_1_306' title='bbox 0 0 1263 4298; x_wconf 95' lang='lat' dir='ltr'> </span> 
     </span>
    </p>
   </div>
  </div>
 </body>
</html>
