2506 4298
541 221 682 266 AENEIDOS
696 221 758 264 nm.
773 221 802 267 V.

198 365 293 438 Quem
305 364 390 423 modo
403 363 497 423 navali
511 365 676 424 Mnestheus
690 365 844 425 certamine
856 364 949 426 victor

199 444 399 522 Consequitur,
412 444 497 503 viridi
509 445 677 504 Mnestheus
691 445 820 504 evinctus
832 444 924 504 oliva:

199 523 315 583 Tertius
329 522 482 602 Emptiom
495 527 573 597 tuus,
586 544 604 583 o
618 525 778 596 clarissime,
791 525 888 596 frater,

198 603 338 675 Pandare,
352 603 401 682 qui
414 604 565 681 quondam,
574 604 671 682 jussus
684 604 853 663 confimdere
865 605 966 676 foedus,
1077 664 1096 677 ,,
1210 676 1213 681 ,

119 696 141 717 ·'
199 683 237 741 In
249 683 358 742 medios
371 682 463 742 telum
474 683 585 742 torsisti
597 684 705 761 primur
719 684 853 742 Achivos.
881 688 916 733 «³1
941 686 985 732 ἢν
1072 704 1077 725 ³
1111 720 1114 725 -

149 774 163 817 '-
198 762 355 822 Extremus
368 748 502 841 galedque
514 763 573 821 ima
585 764 712 838 subsedit
726 765 853 835 Acestes,
1038 812 1056 839 Ι.
1069 818 1080 831 ,,

199 844 296 901 Ausus
309 845 339 901 et
350 841 411 919 ipse
423 863 511 900 manu
520 843 659 921 juvenum
671 845 783 902 tentare
795 843 929 902 laborem.

199 921 276 980 Turn
288 921 389 980 validis
401 922 488 981 flexos
500 922 651 981 incmarant
664 923 770 980 viribus
784 941 865 981 arcus

198 1000 258 1061 Pro
271 1021 302 1060 se
314 1001 432 1079 quisque
444 1002 507 1074 viri,
521 1006 551 1061 et
564 1003 735 1080 depromunt
748 1001 806 1060 tela
818 1002 967 1079 pharetris.

198 1080 352 1157 Primaque
364 1101 415 1158 per
427 1080 531 1140 coelum
543 1102 629 1140 nervo
643 1082 782 1148 stridente
795 1082 902 1159 sagitta
970 1120 973 1127 ·
1005 1114 1009 1121 ·

198 1161 367 1238 Hyrtacidae
375 1161 488 1238 juvenis
501 1161 628 1221 volucres
641 1161 800 1220 diverberat
813 1181 910 1233 auras;
1006 1216 1009 1221 .

198 1241 241 1299 Et
254 1240 344 1312 venit,
358 1240 521 1318 adversique
533 1241 665 1319 infigitur
678 1241 776 1299 arbore
789 1241 866 1299 mali.

198 1320 358 1379 Intremuit
371 1320 470 1393 malus,
482 1320 637 1399 timuitque
651 1321 786 1379 extenita
798 1321 898 1397 pennis

198 1399 277 1471 Ales,
291 1403 321 1458 et
334 1399 446 1476 ingenti
459 1403 616 1458 sonuenmt
630 1401 726 1458 omnia
737 1400 847 1477 plausu.
1053 1468 1056 1475 ¹
1086 1458 1089 1465 ,

197 1478 271 1538 Post
285 1499 348 1537 acer
361 1479 527 1538 Mnestheus
540 1480 643 1538 aducto
657 1480 788 1538 constitit
802 1499 876 1551 arcu,
919 1524 922 1529 .
988 1476 994 1485 ‘
1066 1510 1069 1519 ›

197 1559 270 1617 Alta
281 1561 390 1636 petens,
403 1558 563 1637 pariterque
577 1559 671 1618 oculos
683 1550 830 1637 telumque
843 1558 983 1617 tetendit:
1050 1528 1053 1532 Ι
1094 1512 1097 1517 >
1136 1514 1163 1611 Ι,

197 1639 255 1696 Ast
267 1638 360 1715 ipsam
372 1638 547 1697 miserandus
561 1658 642 1697 avem
655 1639 820 1716 contingere
833 1638 907 1698 ferro

197 1718 267 1776 Non
280 1717 388 1790 valuit;
407 1719 496 1776 nodos
510 1721 540 1776 et
552 1718 665 1777 vincula
677 1718 751 1776 linea
763 1717 850 1795 rupit,

197 1797 284 1870 Queis
297 1797 400 1856 innexa
412 1798 513 1875 pedem
525 1797 600 1856 malo
612 1797 754 1875 pendebat
767 1798 802 1856 ab
816 1796 892 1855 alto:

196 1877 254 1935 Illa
266 1879 351 1936 notos
365 1880 450 1954 atque
463 1881 526 1936 atra
537 1877 635 1937 volans
648 1877 679 1935 in
692 1876 789 1935 nubila
801 1877 886 1954 fugit.

196 1956 274 2014 Tum
285 1956 400 2034 rapidus
414 1957 581 2015 'umdudum
594 1977 661 2016 arcu
674 1959 809 2015 contenta
822 1959 921 2034 parato

196 2036 268 2095 Tela
279 2039 388 2108 tenens,
443 2040 519 2095 trem
532 2037 676 2114 Eurytion
688 2036 720 2094 in
732 2038 801 2095 vota
813 2035 934 2106 vocavit,

199 2115 219 2174 J
220 2135 267 2173 am
279 2135 368 2174 vacuo
381 2116 477 2174 laetam
490 2116 561 2175 eoelo
575 2117 752 2193 speculatus3
771 2119 801 2175 et
815 2116 866 2174 alis

199 2195 387 2254 Plaudentem
399 2195 482 2272 nigra
494 2196 560 2273 figit
572 2196 625 2254 sub
638 2196 714 2254 nubs
727 2195 895 2254 columbam.

196 2275 314 2333 Decidit
327 2275 471 2347 exanimis,
485 2276 630 2352 vitamque
642 2275 758 2352 reliquit
770 2277 801 2333 in
814 2276 897 2334 astris

196 2354 345 2427 AEtheriis,
358 2355 499 2432 fixamque
512 2355 598 2414 refert
611 2355 724 2432 delapsa
736 2356 882 2433 sagittam.

196 2423 312 2492 Amissi
324 2434 400 2492 solus
412 2418 515 2511 palmt‘
519 2435 669 2511 superabat
682 2435 816 2494 Acestes:

197 2513 255 2585 Qui
268 2516 366 2572 tamen
379 2514 467 2572 aerias
480 2514 571 2572 telum
584 2514 731 2573 contendit
743 2514 775 2572 in
788 2535 878 2587 auras,

197 2593 355 2652 Ostentans
369 2597 515 2672 artemque
526 2596 608 2671 pater
621 2614 772 2672 arcumque
786 2597 943 2653 sonantem.

196 2673 257 2732 Hic
271 2673 359 2732 oculis
372 2673 500 2731 subitum
513 2672 645 2752 objicitur
658 2693 817 2751 magnoque
829 2674 960 2732 futmum

129 2782 140 2791 ,.
195 2753 327 2830 Augur-io
340 2755 518 2811 monstrum:
539 2753 637 2811 docuit
649 2757 715 2830 post
729 2754 821 2812 exitus
834 2753 943 2830 ingens,

196 2831 320 2910 Senaque
332 2831 449 2891 terrifici
462 2832 625 2890 cecinerunt
638 2833 733 2891 omina
745 2836 834 2891 vater.

195 2912 330 2990 Namque
343 2911 441 2970 volans
453 2911 568 2989 liquidis
580 2912 612 2969 in
624 2912 747 2970 nubibus
760 2912 830 2970 arsit
844 2913 960 2984 arundo,

195 2990 383 3069 Signavitque
396 2992 472 3050 viam
484 2991 615 3064 flammis,
628 2994 783 3069 tenuesque
795 2991 911 3050 recessit
926 3058 930 3063 ¹

195 3070 355 3130 Consumta
367 3071 398 3129 in
411 3073 528 3130 ventor:
549 3072 620 3130 coelo
633 3091 684 3130 ceu
697 3092 773 3149 saepe
785 3071 872 3129 refixa

194 3150 406 3210 Transcurrunt
419 3151 580 3229 crinemque
592 3151 718 3209 volantia
731 3151 822 3209 sidera
834 3149 952 3208 ducunt.

193 3231 340 3289 Attonitis
352 3231 458 3289 haesere
471 3231 581 3303 animis,
595 3250 765 3308 superosque
777 3229 885 3307 precati

194 3310 335 3369 Trinacrii
348 3309 504 3388 Teucrique
517 3310 587 3369 viri:
608 3330 659 3368 nec
673 3311 813 3368 maximus
826 3329 910 3367 omen

193 3389 308 3448 Abnuit
321 3389 444 3463 AEneas;
464 3391 514 3448 sed
525 3389 628 3449 laetum
641 3390 785 3467 amplexus
799 3390 923 3447 Acesten

193 3469 365 3528 Muneribus
378 3470 505 3528 cumulat
517 3470 638 3548 magnis
652 3490 684 3527 ac
696 3470 766 3545 talia
777 3469 871 3527 fatur:

193 3552 213 3580 “
222 3549 317 3621 Sume,
331 3552 429 3625 pater;
449 3569 517 3608 nam
529 3553 560 3608 te
573 3549 665 3607 voluit
678 3569 728 3607 rex
740 3568 862 3626 magnus
876 3547 993 3626 Olympi

193 3627 312 3687 Talibus
326 3629 456 3706 auspiciis
470 3632 611 3688 exsortem
624 3629 724 3687 ducere
737 3629 867 3687 honores
926 3653 936 3679 ·.

193 3708 290 3786 Ipsius
303 3708 437 3767 Anchisae
449 3702 571 3786 londavi
583 3708 639 3768 hoc
652 3728 755 3766 munus
767 3707 893 3779 habebis,

193 3787 314 3846 Cratera
324 3787 493 3866 impressum
507 3788 604 3866 signis,
618 3808 703 3866 quem
716 3787 852 3846 Thrasius
865 3787 934 3846 olim

192 3867 330 3926 Anchisae
343 3867 468 3946 genitori
480 3868 511 3926 in
523 3887 629 3946 magno
642 3887 758 3926 munere
772 3867 884 3927 Cisseus

191 3946 282 4007 Ferre
295 3946 340 4009 sui
352 3947 469 4008 dederat
479 3949 699 4009 monumentum
713 3951 744 4011 et
757 3947 865 4030 pignus
874 3946 1008 4009 amoris.u
