2506 4298
142 223 163 279 4
446 239 475 281 r.
487 237 628 281 rraernrr
641 237 782 280 Mauorte
819 260 823 268 -

143 377 252 436 Verum
263 378 324 437 hac
336 380 453 438 tantum
466 379 534 439 alias
546 380 623 438 inter
635 383 721 456 caput
734 380 838 438 extulit
851 381 942 452 urbes,

144 457 290 531 Quantum
303 459 383 517 lenta
395 459 489 518 solent
501 461 577 518 inter
589 459 710 517 viburna
723 460 855 537 cupressi.

183 537 274 597 Mat..
288 537 330 596 Et
343 558 404 616 qua
416 541 501 597 tanta
512 540 569 597 fuit
582 539 706 597 Romam
721 539 777 598 tibi
789 560 873 598 eausa
885 540 999 598 videndi
1012 540 1025 600 P

184 616 253 676 Tm.
273 617 421 690 Libertas3
441 637 503 695 quae
517 639 586 690 sera,
599 622 696 676 tamen
708 619 832 697 respexit
843 620 974 693 inertem,

145 694 299 756 Candidior
311 700 464 775 postquam
476 698 610 757 tondenti
623 698 712 757 barba
725 698 843 757 cadebat
855 722 862 770 ;

145 775 283 854 Respexit
295 780 401 849 tamen,
415 780 445 836 et
457 777 543 856 longo
557 781 623 856 post
636 781 764 855 tempore
776 778 865 850 venit,

145 853 304 934 Postquam
316 877 368 915 nos
381 857 536 935 Amaryllis
549 858 645 929 habet,
660 857 779 916 Galatea
791 857 915 935 reliquit.

145 933 279 1013 Namque
291 936 402 995 fatebor
415 937 499 1008 enim,
513 938 583 995 dum
595 956 642 994 me
656 937 775 996 Galatea
787 939 912 1009 tenebat,

145 1012 208 1075 Nec
221 1036 284 1093 spes
296 1016 438 1074 libertatis
451 1020 521 1088 erat,
533 1037 585 1075 nec
599 1036 666 1074 cura
678 1017 779 1093 peculi.

146 1093 282 1164 Quamvis
295 1095 388 1154 multa
400 1096 470 1154 meis
484 1096 573 1155 exiret
586 1096 704 1154 victima
717 1096 821 1173 saeptis,

146 1170 267 1254 Pinguis
281 1178 311 1234 et
322 1175 442 1253 ingratae
455 1178 629 1253 premeretur
642 1195 737 1234 casem
751 1176 830 1234 urbi:

146 1257 216 1316 Non
229 1274 355 1332 unquam
368 1256 463 1332 gravis
478 1275 530 1314 aere
543 1256 659 1314 domum
673 1255 745 1312 mihi
758 1255 857 1314 dextra
869 1255 989 1315 redibat.

185 1335 264 1392 Mau.
286 1334 421 1406 Mirabar,
434 1335 504 1412 quid
516 1338 616 1392 maesta
628 1334 703 1405 deos,
716 1334 866 1413 Amarylli,
879 1355 1002 1408 vocares,

148 1415 202 1474 Cui
215 1414 335 1492 pendere
349 1434 400 1472 sua
411 1414 547 1492 patereris
559 1414 590 1472 in
603 1415 702 1473 arbore
714 1435 799 1492 poma
810 1440 817 1486 ;

150 1495 269 1571 Tityrus
282 1493 349 1552 hinc
363 1494 469 1552 aberat.
509 1493 583 1571 Ipsae
596 1497 635 1565 te,
648 1494 758 1571 Tityre,
770 1495 863 1571 pinus,

151 1574 214 1653 Ipsi
226 1577 257 1632 te
270 1573 372 1645 fontes,
386 1573 448 1650 ipsa
460 1572 520 1632 haec
533 1574 650 1632 arbusta
661 1575 811 1632 vocabant.

187 1654 254 1711 Trr.
274 1653 350 1725 Quid
362 1652 506 1712 facerem?
526 1673 617 1729 neque
631 1653 746 1712 servitio
759 1673 805 1711 me
818 1653 893 1712 exire
905 1653 1019 1725 licebat,

150 1734 214 1792 Nee
227 1736 289 1792 tam
301 1735 454 1811 praesentes
468 1732 536 1790 alibi
549 1753 715 1810 cognoscere
728 1732 816 1791 divos.

148 1813 207 1871 Hic
220 1813 303 1871 illum
315 1812 377 1871 vidi
385 1812 529 1890 juvenem,
543 1812 686 1883 Meliboee,
700 1812 852 1890 quotannis

148 1893 200 1951 Bis
215 1913 296 1951 senos
310 1893 356 1950 oui
369 1896 468 1950 nostra
481 1892 540 1950 dies
554 1892 654 1950 altaria
666 1892 788 1950 fumant.

147 1973 207 2030 Hic
220 1972 292 2030 mihi
304 1991 471 2050 responsum
483 1971 592 2049 primus
605 1971 685 2030 dedit
698 1971 745 2030 ille
759 1972 887 2049 petenti:

150 2056 166 2083 “
178 2052 300 2123 Pascite,
312 2055 348 2108 ut
361 2053 436 2122 ante,
449 2051 544 2121 boveS,
557 2051 637 2127 pueri
648 2076 655 2122 ;
676 2052 839 2110 submittite
852 2050 978 2109 tauros.”

188 2131 272 2189 Mun.
292 2131 452 2189 Fortunate
465 2149 558 2201 senex,
572 2150 639 2207 ergo
653 2133 705 2187 tua
717 2151 784 2189 rura
796 2131 971 2189 manebunt!

149 2211 192 2268 Et
204 2211 260 2269 tibi
272 2230 377 2288 magna
389 2209 467 2281 satis,
482 2209 609 2286 quamvis
622 2209 694 2287 lapis
707 2210 803 2268 omnia
815 2211 907 2269 nudus

148 2289 320 2368 Limosoque
332 2290 413 2367 palus
426 2288 549 2348 obducat
561 2309 665 2367 pascua
672 2289 769 2366 junco.

149 2370 219 2430 Non
231 2371 344 2429 insueta
355 2389 456 2447 graves
468 2369 624 2427 tentabunt
637 2369 741 2447 pabula
752 2371 842 2441 fetas;

148 2447 213 2512 Nec
226 2451 301 2508 mala
313 2450 400 2507 vicini
411 2448 520 2526 pecoris
534 2450 666 2526 contagia
678 2449 791 2507 laedent.

149 2532 310 2594 Fortunate
323 2549 416 2599 senex,
429 2528 476 2586 hic
489 2529 566 2586 inter
578 2529 697 2587 flumina
709 2532 779 2588 nota

150 2614 193 2672 Et
205 2611 299 2669 fontes
314 2628 406 2667 sacros
420 2608 510 2685 lngus
524 2609 651 2685 captabis
665 2628 794 2686 opacum.

150 2694 230 2751 Hinc
243 2689 306 2760 tibi,
320 2709 381 2766 qua
395 2706 505 2765 semper
517 2688 610 2746 vicino
624 2690 659 2747 ab
672 2688 766 2747 limite
781 2708 866 2765 saepes

151 2769 283 2850 Hyblaeis
298 2768 396 2846 apibus
410 2768 508 2827 florem
522 2767 639 2845 depasta
652 2768 752 2841 salicti,

151 2852 232 2930 Saepe
244 2849 301 2907 levi
314 2867 447 2906 somnum
459 2847 589 2906 suadebit
602 2848 673 2906 inire
687 2868 818 2906 susurro:

151 2932 231 2990 Hinc
245 2929 304 2986 alta
317 2927 369 2986 sub
383 2948 452 3005 rupe
466 2930 548 2986 canet
561 2928 709 2986 frondator
722 2928 758 2986 ad
771 2947 870 2997 auras3

149 3013 213 3071 Nec
226 3013 324 3068 tamen
336 3007 445 3066 interea
457 3027 557 3078 rauca,
570 3010 622 3065 tua
635 3027 709 3078 cura,
723 3007 877 3084 palumbes,

150 3092 214 3151 Neo
226 3108 339 3169 gemere
352 3087 430 3146 adria
442 3087 562 3146 cessabit
575 3089 674 3145 turtur
686 3088 722 3145 ab
735 3088 822 3144 ulmo

190 3171 257 3228 Trr.
278 3168 357 3226 Ante
368 3168 444 3226 leves
458 3187 525 3243 ergo
538 3170 690 3243 pascentur
702 3167 734 3224 in
748 3167 852 3224 aethere
866 3166 951 3236 cervi,

151 3250 194 3309 Et
207 3251 281 3308 freta
294 3248 453 3306 destituent
466 3246 557 3305 nudos
570 3247 601 3304 in
614 3247 698 3304 litore
711 3246 817 3323 pisces3

152 3331 239 3401 Ante,
253 3327 402 3405 pererratis
416 3326 565 3385 amborum
577 3327 690 3397 finibus,
704 3326 784 3384 exsul

151 3410 213 3467 Aut
227 3407 342 3466 Ararim
355 3407 481 3464 Parthus
494 3406 582 3477 bibet,
596 3409 647 3464 aut
662 3404 815 3464 Germania
828 3404 947 3482 Tigrim,

152 3490 245 3562 Quam
258 3489 356 3545 nostro
369 3486 445 3544 illius
458 3487 571 3544 labatur
584 3488 697 3563 pectore
711 3486 817 3544 vultus.

191 3569 275 3627 Mat.
296 3567 338 3623 At
351 3585 403 3623 nos
415 3566 483 3623 hinc
497 3565 545 3623 alii
558 3566 687 3624 sitientes
700 3565 805 3623 ibimus
818 3565 912 3634 Afros,

151 3648 223 3708 Pars
237 3645 387 3724 Scythiam
400 3647 430 3703 et
443 3645 575 3722 rapidum
588 3644 682 3703 Gretae‘
694 3645 840 3703 veniemus
854 3644 975 3714 Oaxem,

152 3730 195 3787 Et
209 3726 323 3806 penitus
336 3727 401 3783 toto
415 3724 519 3782 divisos
533 3724 600 3783 orbe
613 3724 778 3782 Britannos.

150 3809 199 3868 En
213 3825 338 3884 unquam
350 3804 457 3882 patrios
469 3804 556 3882 longo
568 3807 634 3881 post
647 3806 775 3881 tempore
787 3804 867 3873 fines,

150 3887 287 3966 Pauperis
301 3888 331 3944 et
343 3883 444 3962 tuguri
458 3887 627 3961 congestum
640 3883 746 3960 cespite
759 3883 879 3954 culmen,

139 3968 218 4026 Post
228 3967 351 4045 aliquot,
365 3984 430 4025 mea
441 3983 532 4044 regna
543 3963 652 4037 ridens,
665 3963 788 4023 mirabor
800 3961 925 4022 aristas?
