2506 4298
450 212 593 256 nmmos
606 214 668 255 ΠΒ.
683 214 726 256 lx.

111 356 192 429 Nise,
205 354 305 434 fugis?
325 355 419 415 solnm
431 357 462 413 te
474 354 506 413 in
518 358 602 414 tanta
614 355 738 433 pericula
749 355 891 418 mittam?

111 437 181 495 Non
194 435 237 494 ita
248 457 295 495 me
307 435 421 513 genitor
433 434 513 493 bellis
527 440 656 494 assuetus
670 436 807 513 Opheltes

111 515 279 593 Argolicum
291 519 430 574 terrorem
442 514 518 572 inter
532 515 679 593 Trojaeqne
692 516 801 575 labores

112 595 265 654 Sublatum
278 595 382 654 erudiit
394 619 401 666 3
420 614 473 653 nec
486 597 583 653 tecum
595 595 666 653 talia
678 596 761 672 gessi,
822 572 886 641 Μ
894 618 901 636 ¹
907 583 945 669 pl
994 568 1051 660 *f*

110 675 332 753 Magnanimum
345 675 456 732 AEnean
470 677 500 732 et
514 675 574 732 fata
586 677 713 734 extrema
726 678 849 734 secutus.

110 754 167 813 Est
181 754 228 812 hic
250 758 294 813 est
308 755 419 812 animus
431 753 502 812 lucis
517 757 685 826 contemtor,
699 758 729 813 et
742 754 832 813 istum

111 834 169 905 Qui
181 801 243 892 vitii
255 834 327 893 bene
340 833 436 893 credat
450 833 514 905 emi,
529 854 585 911 quo
598 834 700 906 tendis,
711 834 877 894 honorem’'

110 913 200 971 Nisus
214 915 250 971 ad
263 914 340 972 haec:
362 913 529 989 “Equidem
543 914 621 972 dete
634 914 676 971 nil
687 914 746 972 tale
758 916 891 974 verebar:

110 992 174 1051 Nec
187 993 335 1052 fas-non.
376 992 426 1050 Ita
438 1013 484 1051 me
497 994 601 1051 referat
613 993 668 1051 tibi
681 1014 802 1072 magnus
816 997 950 1054 ovantem

110 1072 235 1149 Jupiter,
249 1076 300 1130 aut
313 1073 482 1149 quicumque
495 1072 583 1131 oculis
596 1073 659 1131 haec
672 1074 773 1150 aspicit
786 1075 881 1152 aequis.

110 1152 167 1210 Sed
180 1153 204 1210 si
217 1153 385 1229 quis-qun
398 1152 492 1210 multa
504 1153 582 1210 vides
596 1153 756 1212 discrimine
769 1155 862 1212 tali-

111 1231 142 1289 Si
155 1232 218 1309 quis
224 1232 262 1289 in
275 1233 425 1290 adversum
437 1231 530 1308 rapiat
543 1252 658 1290 casusve
672 1233 784 1305 deusve,

110 1310 152 1369 Te
166 1331 310 1388 superesse
322 1311 407 1370 velim
419 1336 427 1383 3
446 1314 498 1369 tua
510 1296 572 1370 virt
585 1311 698 1389 dignior
710 1316 789 1371 estas.

110 1391 164 1463 Sit,
179 1391 228 1467 qui
240 1411 286 1449 me
299 1395 414 1469 raptum
427 1411 526 1468 pugna
537 1391 664 1469 pretiove
677 1392 836 1451 redemtum
1046 1454 1049 1459 ,

110 1471 233 1529 Mandat
246 1471 351 1542 humo;
372 1470 457 1544 solita
470 1475 520 1529 aut
535 1471 559 1529 si
573 1492 628 1548 qua
640 1471 671 1529 id
683 1472 797 1530 fortuna
808 1472 928 1544 vetabit,
952 1492 981 1521 s,-
1010 1466 1061 1508 ·'*'‘
1098 1484 1117 1510 ‘³

109 1551 234 1609 Absenti
246 1551 321 1609 ferat
333 1550 456 1621 inferias,
470 1551 638 1628 decoretque
652 1551 809 1628 sepulchro.
1006 1560 1023 1607 ,ε’
1064 1550 1109 1607 se

109 1630 179 1688 Neu
191 1631 278 1689 matri
290 1630 399 1689 miserae
412 1629 489 1689 tanti
502 1632 556 1688 sim
570 1651 654 1689 causa
666 1630 784 1690 doloris:

110 1710 180 1781 Quae
193 1713 223 1768 te
237 1711 304 1782 sola,
317 1730 396 1787 puer,
409 1710 509 1769 multis
523 1731 538 1768 e
552 1711 691 1769 matribus
704 1731 772 1769 ansa

110 1789 304 1866 Persequitur,
317 1790 415 1868 magni
427 1810 479 1849 nec
492 1791 596 1848 moenia
609 1794 690 1848 curat
703 1790 846 1848 Acestae.’'

109 1869 165 1928 Ille
179 1874 292 1928 autem:
313 1874 329 1901 “
339 1869 445 1928 Causas
458 1870 649 1947 nequidquam
662 1870 752 1928 nectis
766 1871 872 1943 inanes,

109 1949 173 2007 Nec
186 1969 251 2008 mea
258 1950 320 2028 jam
332 1952 447 2008 mutata
459 1950 520 2009 loeo
534 1950 678 2008 sententia
691 1950 774 2008 cedit.

109 2029 336 2100 Acceleremus,’'
351 2029 401 2087 ait.
442 2029 551 2106 Vigiles
565 2029 651 2086 simul
664 2030 779 2087 excitat.
820 2029 870 2087 Illi
986 2096 988 2101 .
1088 2095 1090 2099 ,

110 2108 281 2180 Succedunt,
295 2111 464 2184 servantque
476 2109 568 2168 dces:
590 2108 713 2168 statione
726 2109 826 2168 relicta
864 2094 921 2169 df:
1007 2158 1014 2169 .
1138 2140 1167 2161 aa

110 2187 178 2266 Ipse
191 2209 284 2248 comes
297 2187 370 2246 Niso
383 2189 522 2266 graditur,
535 2208 686 2266 regemque
699 2190 859 2266 requirunt.

151 2268 253 2327 Cetera
264 2288 316 2346 per
327 2271 418 2327 terras
432 2288 529 2327 omnes
543 2269 677 2326 animalia
689 2289 788 2328 somno

110 2347 261 2407 Laxabant
274 2368 355 2407 curas
369 2351 399 2406 et
412 2348 497 2406 corda
510 2349 599 2408 oblita
611 2348 758 2407 laborum:

110 2427 253 2486 Ductores
266 2428 408 2487 Teucrum
421 2428 516 2505 primi,
530 2428 640 2487 delecta
648 2428 795 2506 juventus,

111 2506 269 2566 Consilium
282 2507 401 2566 summis
414 2508 496 2585 regni
508 2508 543 2566 de
556 2508 639 2567 rebus
653 2509 805 2580 habebant,

110 2586 188 2658 Quid
199 2587 332 2660 facerent,
346 2587 444 2664 quisve
458 2587 558 2645 AEneae
567 2588 628 2666 jam
641 2589 761 2647 nuncius
775 2592 864 2647 esset:

110 2666 197 2724 Stant
211 2666 303 2744 longis
317 2667 413 2725 adnixi
425 2667 525 2739 hastis,
539 2671 569 2726 et
582 2671 665 2726 scuta
677 2671 817 2739 tenentes,

110 2744 277 2804 castrorum
290 2749 320 2805 et
334 2746 427 2824 campi
440 2747 542 2806 medio.
584 2747 659 2804 Tum
673 2747 763 2804 Nisus
777 2749 877 2804 etune

109 2824 253 2903 Euryalus
266 2827 416 2886 confestim
430 2826 533 2885 alacres
547 2826 694 2884 admittier
707 2830 806 2884 orant:
1064 2872 1108 2897 ,fl
1177 2870 1220 2917 [1,

109 2903 186 2962 Rem
198 2925 340 2982 magnam,
354 2906 533 2983 pretiumque
546 2926 633 2965 morae
645 2907 714 2963 fore.
755 2905 869 2969 Primus
883 2903 964 2962 Iulus
994 2900 1015 2939 s’
1029 2908 1051 2995 β’·
1074 2898 1077 2905 ’
1095 2894 1102 2926 ·’
1144 2894 1167 2959 '3‘

108 2984 229 3062 Accepit
242 2984 376 3062 trepidos,
390 3005 423 3042 ac
436 2985 543 3043 Nisum
555 2985 646 3044 dicere
655 2985 743 3063 jussit
989 2996 997 3003 ”
1034 2996 1055 3017 s‘
1081 2996 1090 3019 ¹
1162 2992 1170 3015 ³

108 3062 186 3121 Tum
199 3065 238 3122 sic
251 3065 442 3144 Hyrtacides:
464 3065 601 3123 “Audite
614 3086 631 3123 o
644 3065 788 3123 mentibus
803 3065 892 3141 aequis

107 3143 251 3216 AEneadae,
265 3166 336 3203 neve
348 3147 408 3203 haec
420 3145 526 3203 nostris
540 3147 704 3221 spectentur
718 3145 753 3202 ab
766 3144 856 3216 annis,

108 3223 181 3294 Qua
194 3224 318 3283 ferimus.
360 3224 464 3282 Rutuli
477 3245 576 3284 somno
590 3225 712 3300 vinoque
726 3223 813 3282 soluti

108 3302 294 3375 Conticuere;
313 3304 408 3363 locum
421 3304 531 3362 insidiis
545 3304 740 3381 conspeximus
753 3303 816 3380 ipsi,
944 3372 954 3391 r
1134 3367 1139 3377 ι

108 3382 164 3453 Qui
177 3387 258 3460 patet
270 3384 302 3442 in
314 3384 390 3444 bivio
403 3387 501 3461 portae,
515 3404 577 3461 qnae
590 3384 719 3461 proxima
730 3387 837 3460 pont03
961 3416 969 3443 ι
1024 3378 1036 3415 '¹
1049 3410 1069 3443 r,
1103 3416 1108 3431 ι
1122 3380 1138 3429 ‘1
1182 3388 1204 3429 ’·
1221 3406 1229 3425 r

106 3462 270 3541 Interrupti
282 3463 371 3541 ignes,
385 3467 501 3541 aterque
515 3464 551 3522 ad
564 3464 655 3522 sidera
668 3465 764 3522 fumus
986 3514 989 3521 .
1010 3492 1014 3505 ·

106 3542 255 3620 Erigitur3
275 3544 299 3601 si
312 3532 428 3602 fortuni
440 3543 608 3621 permittitis
621 3542 674 3615 uti,
871 3550 876 3560 '
890 3528 917 3557 '¹

107 3622 268 3693 Quaesitum
282 3623 392 3682 AEnean
406 3624 443 3682 ad
454 3623 560 3682 moenia
573 3623 722 3682 Pallantea

106 3701 179 3760 Mox
192 3703 239 3761 hie
252 3723 318 3762 cum
332 3704 436 3781 spoliis,
448 3703 562 3781 ingenti
574 3704 651 3762 caede
663 3708 785 3782 peracta,

106 3783 204 3842 Affore
218 3783 347 3842 cernetis.
388 3783 451 3842 Nec
463 3804 516 3842 nos
528 3783 576 3841 via
588 3783 662 3841 fallit
675 3787 791 3844 euntes:

106 3861 238 3923 Vidimus
252 3862 377 3922 obscuris
390 3863 513 3941 primam
526 3864 578 3921 sub
591 3863 711 3921 vallibus
724 3863 824 3922 urbem

106 3941 222 4003 Venatu
235 3942 348 4002 assiduo
361 3945 392 4002 st
404 3947 502 4004 totum
515 3943 699 4022 cognovimus
713 3963 834 4003 amnem.

568 4039 590 4082 X

1149 1458 1233 1501 (ror-l
