2506 4298
454 214 597 259 AENEIDOS
611 216 674 258 IaIB.
688 215 732 258 VI.

115 357 277 436 Aspectans
291 356 393 416 silvam
405 357 583 431 immensam,
597 361 627 417 et
641 358 681 417 sic
694 379 763 418 voce
776 361 928 438 precatur:

71 508 74 515 ¹
115 438 175 497 “Si
187 457 265 497 nunc
279 458 309 497 se
321 437 404 496 nobis
416 437 464 497 ille
477 457 579 496 aureus
593 437 691 497 arbore
704 459 800 499 ramus

116 518 261 578 Ostendat
274 537 389 576 nemore
401 518 433 575 in
445 518 545 577 tanto!
566 518 679 595 quando
693 518 788 577 omnia
800 540 866 579 vere

114 598 188 657 Heu
200 597 323 656 nimium
337 597 372 656 de
385 601 416 656 te
429 601 519 670 vates,
533 597 654 668 Missae,
666 598 766 657 locuta
778 600 852 658 est.”

115 677 173 736 Vix
186 698 220 737 ea
229 678 307 737 fatus
320 681 390 750 erat,
404 678 524 755 geminae
538 696 629 755 quum
641 677 716 736 forte
729 679 867 738 columbae

114 757 185 834 Ipsa
198 758 252 816 sub
266 777 316 816 ora
328 757 383 815 viri
396 757 466 816 coelo
479 777 581 816 venere
594 757 733 830 volantes,

113 836 159 895 Et
171 836 257 895 viridi
269 838 365 896 sedere
378 836 447 896 solo.
488 837 565 895 Tum
577 837 719 896 maximus
732 837 815 897 heros

113 915 265 975 Maternae
279 916 409 994 agnoscit
423 935 496 989 aves,
509 916 652 993 laetusque
665 921 815 994 precatur:

113 996 214 1055 “Este
228 995 322 1068 duces,
336 1017 362 1069 0,
377 996 402 1054 si
414 1016 471 1074 qua
483 996 531 1054 via
543 998 596 1067 est,
610 1015 782 1074 cursumque
794 1016 845 1074 per
858 1016 939 1056 auras

111 1075 241 1154 Dirigite
254 1076 285 1133 in
297 1077 385 1148 lucos,
399 1076 449 1133 ubi
462 1075 599 1153 pinguem
612 1075 690 1134 dives
704 1081 805 1153 opacat

112 1153 225 1213 Remus
238 1155 371 1214 humum.
412 1155 514 1232 Tuque
526 1175 552 1226 0,
566 1153 660 1212 dubiis
673 1176 709 1214 ne
723 1156 810 1215 defice
822 1158 916 1228 rebus

111 1234 191 1293 Diva
202 1235 334 1313 parens.”
377 1235 423 1293 Sic
436 1236 539 1293 effatus
552 1234 674 1312 vestigia
686 1237 798 1313 pressit,

112 1313 275 1373 Observans
289 1335 353 1391 quae
368 1314 450 1392 signa
462 1315 564 1385 ferant,
578 1334 634 1390 quo
647 1315 764 1375 tendere
777 1319 908 1394 pergant.

111 1393 268 1453 Pascentes
280 1394 335 1453 illae
347 1397 464 1453 tantum
478 1393 590 1470 prodire
602 1394 733 1466 volando,

112 1473 264 1544 Quantum
277 1474 335 1532 acie
348 1477 464 1552 possent
478 1474 553 1533 oculi
566 1493 676 1532 servare
690 1479 868 1552 sequentum.

111 1551 187 1612 Inde
200 1553 252 1612 ubi
264 1573 366 1612 venere
379 1554 415 1612 ad
428 1554 522 1612 fauces
535 1554 726 1631 graveolentis
739 1556 855 1626 Averni,
871 1561 930 1606 aar
940 1574 946 1600 0
957 1562 972 1593 =·
981 1570 1005 1596 ·.·‹
1016 1574 1024 1595 ι

111 1632 234 1691 Tollunt
247 1653 277 1691 se
290 1633 407 1705 celeres3
429 1630 689 1711 liquidumque'per
701 1637 767 1693 adra
779 1636 864 1712 lapsae

111 1711 233 1771 Sedibus
247 1713 354 1789 optatis
367 1713 490 1790 geminae
505 1732 590 1791 super
603 1714 701 1773 arbore
715 1714 823 1789 sidunt,
846 1780 853 1794 ¹
1107 1768 1113 1779 ,

109 1791 244 1869 Discolor
256 1792 333 1850 unde
346 1792 408 1850 auri
420 1812 471 1869 per
483 1812 577 1851 ramos
591 1812 660 1851 aura
671 1793 794 1853 refulsit.
804 1774 1018 1869 Masaesulii-‚1
1043 1798 1068 1837 Γ
1073 1792 1100 1835 ⁴³
1112 1800 1141 1835 ¹¹
1149 1804 1192 1839 ‘³

111 1869 203 1942 Quale
217 1872 290 1930 solet
303 1871 383 1930 silvis
396 1872 519 1930 brumali
531 1873 636 1950 frigore
648 1872 760 1931 mecum
841 1868 868 1895 '⁸
997 1886 1002 1897 ¹

109 1950 228 2010 Fronde
240 1951 330 2011 virere
343 1972 426 2023 nova,
441 1952 518 2029 quod
529 1971 589 2010 non
602 1972 654 2010 sua
666 1953 789 2011 seminat
802 1953 883 2074 arpos
979 2000 984 2009 .

109 2030 155 2088 Et
169 2051 266 2090 croceo
280 2031 343 2090 fetu
355 2034 461 2090 teretes
475 2031 649 2090 circumdare
661 2034 795 2092 truncos:
839 2050 862 2079 κ·
918 2054 931 2077 ἰ
989 2035 1020 2119 f

110 2109 190 2169 Talis
204 2113 266 2169 erat
279 2109 384 2188 species
397 2108 460 2169 auri
472 2111 632 2170 frondentis
646 2131 733 2189 opaca
851 2112 859 2129 '

110 2189 200 2261 Ilice;
220 2191 260 2249 sic
273 2190 332 2249 leni
345 2190 504 2268 crepitabat
516 2189 632 2249 bractea
644 2195 741 2251 vento.
751 2172 930 2246 noema
959 2160 1049 2276 [aas
1071 2154 1115 2226 A...
1130 2186 1149 2229 ²*
1162 2168 1228 2235 Af·-

110 2268 238 2346 Corripit
251 2269 357 2328 AEneas
370 2269 523 2348 extemplo,
536 2262 691 2348 avidusque
703 2270 836 2350 refringit

110 2347 314 2431 Omctqntem,
328 2352 359 2408 et
371 2349 446 2409 vatis
459 2352 557 2427 portat
570 2349 624 2408 sub
637 2353 715 2409 tecta
729 2351 851 2429 Sibyllae.
871 2357 901 2395 Ν
910 2328 1079 2399 [eadm

151 2430 215 2488 Nec
228 2430 324 2487 minus
336 2429 446 2489 interea
458 2429 606 2488 Misenum
618 2429 650 2488 in
662 2430 747 2489 litore
760 2431 864 2491 Teucri
1094 2424 1120 2476 ἶ
1133 2439 1149 2479 s
1162 2438 1180 2484 ἲ

110 2506 244 2581 Flebant,
258 2512 288 2568 et
301 2509 389 2569 cineri
401 2509 516 2588 ingrato
530 2529 661 2586 suprema
673 2509 810 2570 ferebant.

109 2587 257 2666 Principio
269 2588 407 2667 pinguem
420 2589 504 2648 taedis
517 2591 548 2648 et
560 2590 659 2648 robore
673 2594 750 2648 secto

108 2668 267 2746 Ingentem
279 2672 408 2728 struxere
420 2688 538 2747 pyram:
559 2668 606 2727 cui
615 2669 762 2728 frondibus
776 2670 845 2728 atris

76 2779 88 2794 .
109 2747 255 2807 Intexunt
266 2748 364 2820 latera,
374 2752 405 2808 ct
417 2747 517 2807 ferales
530 2751 597 2807 ante
610 2768 756 2825 cupressos

109 2827 312 2900 Constituunt‚
325 2828 516 2906 decorantque
529 2847 614 2906 super
626 2828 803 2906 fulgentibus
817 2827 910 2886 armis.

109 2906 182 2966 Pars
196 2908 301 2966 calidos
314 2907 413 2968 latices
426 2911 457 2967 et
470 2907 561 2966 ahena
574 2908 713 2966 undantia
725 2908 847 2966 flammis

107 2986 287 3064 Expediunt,
300 3007 458 3065 corpusque
470 2987 569 3045 lavant
581 2987 713 3066 frigentis
727 2991 757 3047 et
770 2989 923 3065 unguunt:

108 3065 161 3125 Fit
174 3067 310 3145 gemitus.
350 3067 427 3126 Tum
440 3068 568 3126 membra
580 3070 644 3126 toro
658 3067 762 3126 defleta
773 3070 916 3144 reponunt
1058 3138 1061 3145 ,

107 3145 327 3225 Purpureusque
340 3167 425 3224 super
436 3149 540 3218 vestes,
553 3147 694 3229 velamina
706 3150 784 3218 nota,
799 3111 925 3201 ‘wad
938 3142 967 3199 l
1083 3166 1116 3185 0³¹
1130 3178 1135 3187 ·
1151 3124 1175 3197 [

108 3225 291 3304 conjiciunt:
311 3246 377 3304 pars
391 3227 504 3305 ingenti
517 3227 627 3285 subiere
640 3226 753 3299 feretro,

107 3305 206 3364 Triste
218 3305 427 3379 ministerium
447 3310 477 3366 et
491 3305 649 3384 subjectam
662 3326 741 3364 more
753 3310 905 3383 parentum

107 3385 212 3444 Aversi
223 3389 342 3444 tenuere
354 3386 454 3445 facem.
496 3385 642 3464 Congesta
655 3389 817 3445 cremantur

107 3464 225 3524 Thurea
238 3465 319 3537 dona,
334 3465 505 3544 dapes,fi1so
519 3469 641 3525 crateres
655 3466 738 3524 olivo.

106 3544 269 3622 Postquam
282 3545 398 3623 collapsi
411 3546 525 3618 cineres,
539 3548 570 3604 et
582 3546 699 3604 flamma
711 3544 829 3623 quievit,

106 3623 257 3702 Reliquias
269 3624 337 3683 vino
350 3627 381 3683 et
393 3625 519 3684 bibulam
533 3625 626 3684 lavere
639 3625 781 3697 favillam3
869 3652 872 3659 ¹

106 3703 236 3782 Ossaque
248 3703 324 3763 lecta
336 3705 406 3763 cado
419 3705 493 3764 texit
507 3705 662 3784 Corynaeus
676 3705 776 3763 aheno.

105 3783 191 3842 Idem
204 3786 251 3842 ter
264 3784 353 3843 socios
366 3770 440 3862 purf
451 3784 630 3844 circumtulit
642 3770 728 3855 undd,

105 3862 250 3942 spargens
263 3884 326 3923 rore
338 3865 396 3923 levi
408 3867 439 3924 et
451 3884 531 3924 ramo
544 3864 633 3924 felicis
646 3862 737 3934 olivae,

104 3941 315 4023 Lustraritque
326 3944 413 4019 viros,
425 3944 555 4024 dixitque
568 3943 722 4004 novissima
734 3942 827 4002 verba.
