2506 4298
459 258 639 302 eucnemon
652 259 714 302 mu.
728 260 779 302 ΠΙ.

150 401 320 480 Corripuere,
332 404 476 478 ruuntque
488 402 569 461 effirsi
582 422 690 461 carcere
703 422 809 473 currus,

151 483 243 554 Quum
256 502 319 560 spes
332 485 449 540 arrectae
457 481 604 560 juvenum,
618 481 843 558 exsultantiaque
855 481 952 539 haurit

151 561 240 620 Corda
251 581 340 639 pavor
351 561 467 638 pulsans
477 586 483 633 ;
503 561 545 619 illi
557 562 667 620 instant
679 563 794 620 verbere
806 565 893 634 torto,

150 642 190 700 Et
200 641 285 721 proni
298 642 367 699 dant
380 640 456 713 lora;
476 641 554 700 volat
563 641 593 698 vi
605 641 728 700 fervidus
742 641 817 712 axis;
961 665 964 670 ·

151 721 271 798 Jamque
284 720 414 792 humiles,
423 721 539 799 jamque
552 721 619 780 elati
632 721 751 779 sublime
764 720 897 779 videntur

150 801 224 860 Adra
235 820 420 878 pervacuum
431 800 506 873 ferri,
519 803 604 877 atque
617 820 761 878 assurgere
773 800 804 857 in
817 821 915 872 auras3

149 880 178 938 N
179 901 209 939 ec
222 900 311 952 mora,
324 900 377 939 nec
389 881 515 956 requies;
535 883 566 938 at
579 880 665 939 fulvae
677 880 791 938 nimbus
804 899 895 939 arenae

150 959 287 1032 Tollitur3
306 960 477 1018 humescunt
490 960 596 1036 spumis
609 959 735 1036 flatuque
748 964 933 1036 sequentum:

150 1039 258 1098 Tantus
272 1059 351 1098 amor
362 1039 488 1110 laudum,
500 1042 591 1098 tantae
604 1043 648 1098 est
660 1039 779 1098 victoria
792 1059 874 1098 curae.

150 1118 263 1177 Primus
275 1119 481 1178 Erichthonius
494 1139 591 1177 currus
604 1121 634 1177 et
647 1122 768 1195 quatuor
781 1138 864 1177 ausus

151 1199 171 1256 J
171 1219 276 1276 ungere
289 1219 383 1276 equos,
395 1199 563 1276 rapidusque
574 1198 645 1256 rotis
657 1199 787 1257 insistere
795 1199 895 1257 victor.

151 1278 243 1337 Frena
255 1278 431 1338 Pelethronii
440 1277 573 1355 Lapithae
586 1298 726 1356 gyrosque
739 1279 838 1337 dedere

151 1357 284 1436 Impositi
295 1357 387 1431 dorso,
400 1360 485 1433 atque
498 1358 622 1433 equitem
635 1359 753 1416 docuere
766 1359 818 1416 sub
831 1355 916 1415 armis

152 1437 294 1497 Insultare
307 1437 374 1509 solo,
387 1441 418 1496 et
431 1457 542 1515 gressus
555 1437 710 1514 glomerare
723 1439 864 1514 superbos.

152 1517 260 1594 AEquus
274 1520 392 1594 uterque
405 1517 501 1589 lab0r3
521 1536 599 1592 aeque
608 1517 797 1594 juvenemque
809 1515 941 1594 magistri

152 1596 314 1674 Exquirunt
327 1596 502 1672 calidumque
515 1596 616 1655 animis
629 1599 659 1655 et
673 1597 799 1656 cursibus
813 1615 921 1666 acrem;

154 1677 286 1750 Quamvis
300 1695 373 1754 saepe
385 1677 454 1754 fuga
465 1696 560 1735 versos
572 1676 622 1735 ille
634 1676 725 1753 egerit
738 1676 844 1747 hostes,

153 1756 192 1814 Et
203 1755 328 1835 patriam
339 1755 461 1833 Epirum
472 1756 575 1814 referat
587 1757 729 1832 fortesque
741 1756 888 1833 Mycenas,

154 1835 336 1914 Neptunique
348 1835 410 1913 ipsa
422 1835 542 1894 deducat
556 1835 664 1912 origine
676 1838 800 1912 gentem.

189 1916 247 1973 His
257 1915 457 1974 animadversis
470 1915 580 1973 instant
593 1915 645 1973 sub
658 1919 780 1991 tempus,
793 1916 824 1973 et
837 1933 933 1973 omnes

156 1993 328 2072 Impendunt
341 2015 421 2054 cirrus
433 1995 520 2055 denso
532 1994 691 2054 distendere
702 1993 812 2072 pingui,

157 2074 243 2147 Quem
254 2075 348 2152 legere
360 2075 469 2146 ducem,
482 2077 512 2133 et
525 2074 618 2151 pecori
630 2074 723 2133 dixere
735 2074 886 2144 maritum

156 2152 350 2232 Pubentesque
362 2156 459 2213 secant
471 2154 580 2227 herbas,
592 2154 747 2233 fluviosque
757 2153 930 2212 ministrent.

157 2231 304 2310 lanaque,
317 2254 352 2293 ne
364 2234 468 2293 blando
480 2237 602 2310 nequeat
614 2254 759 2310 superesse
768 2234 865 2306 labori,

157 2311 330 2389 invalidique
341 2317 456 2391 patrum
467 2313 590 2372 referant
597 2313 706 2392 jejunia
716 2313 786 2373 nati.

157 2391 219 2470 Ipsa
231 2398 330 2452 autem
341 2394 430 2452 macie
441 2396 563 2451 tenuant
576 2398 704 2452 armenta
715 2394 850 2466 volentes,

157 2472 257 2550 Atque,
271 2473 321 2532 ubi
333 2473 499 2533 concubitus
511 2473 617 2550 primos
625 2473 687 2550 jam
699 2476 769 2532 nota
780 2474 910 2550 voluptas

157 2551 303 2624 Sollicitat,
315 2552 481 2629 frondesque
493 2555 600 2630 negant
612 2556 642 2611 et
654 2553 781 2612 fontibus
793 2555 899 2612 arcent.

157 2630 232 2710 Saepe
245 2632 333 2692 etiam
345 2652 429 2690 cursu
441 2632 583 2708 quatiunt,
597 2635 626 2691 et
639 2633 696 2691 sole
708 2633 840 2710 fatigant,

158 2711 249 2784 Quum
262 2711 386 2791 graviter
398 2711 492 2770 tunsis
504 2711 595 2790 gemit
608 2732 671 2771 area
683 2712 820 2790 frugibus,
834 2716 863 2770 et
877 2732 964 2788 quum

158 2791 324 2871 Surgentem
337 2792 374 2850 ad
385 2791 542 2870 zephyrum
554 2792 641 2868 paleae
649 2791 798 2870 jactantur
809 2792 914 2851 inanes.

158 2869 219 2931 Hoc
232 2871 351 2942 faciunt,
364 2871 452 2930 nimio
466 2891 502 2930 ne
514 2870 584 2929 luxu
597 2871 725 2931 obtusior
737 2892 804 2930 usus

159 2950 200 3009 Sit
211 2951 331 3030 genitali
343 2971 419 3022 arvo,
433 2954 463 3009 et
476 2950 567 3010 sulcos
580 2951 698 3010 oblimet
710 2951 833 3022 inertes;

159 3030 209 3090 Sed
222 3031 316 3109 rapiat
329 3030 427 3089 sitiens
440 3029 589 3102 Venerem,
601 3030 775 3108 interiusque
787 3029 931 3088 recondat.

194 3110 306 3169 Rursus
320 3130 387 3169 cura
398 3113 514 3187 patrum
527 3110 633 3183 cadere,
647 3113 677 3169 et
690 3110 837 3168 succedere
849 3113 975 3167 matrum

160 3187 271 3267 Incipit.
311 3189 429 3248 Exactis
442 3189 567 3267 gravidae
580 3210 668 3267 quum
680 3189 824 3248 mensibus
838 3192 942 3261 errant,

159 3268 224 3329 Non
236 3269 300 3328 illas
313 3268 447 3347 gravibus
461 3269 609 3347 quisquam
619 3269 691 3348 juga
703 3269 803 3328 ducere
815 3269 958 3346 plaustris,

158 3348 225 3408 Non
237 3349 313 3408 saltu
327 3368 457 3426 superare
470 3348 546 3406 viam
559 3349 598 3407 sit
610 3369 717 3426 passus,
731 3351 761 3407 et
774 3349 831 3407 acri

160 3427 277 3506 Carpere
290 3431 373 3506 prata
384 3428 462 3506 firgo,
474 3428 631 3506 fluviosque
643 3428 741 3486 innare
754 3448 883 3505 rapaces:

160 3507 282 3568 Saltibus
295 3509 327 3567 in
338 3509 434 3566 vacuis
447 3512 573 3584 pascant,
587 3511 617 3566 et
629 3507 713 3585 plena
725 3509 880 3566 secundum

160 3587 299 3660 Flumina,
311 3607 425 3647 muscus
437 3587 488 3646 ubi
500 3592 530 3647 et
541 3587 713 3646 viridissima
725 3588 851 3664 gramine
863 3588 933 3665 ripa,

160 3666 359 3746 Speluncaeque
370 3671 481 3745 tegant,
494 3670 525 3727 et
538 3687 621 3726 saxea
632 3668 769 3745 procubet
781 3668 891 3726 umbra

161 3746 214 3808 Est
225 3748 306 3807 lucos
319 3747 402 3806 Silari
414 3747 488 3806 circa
498 3747 664 3825 ilicibusque
676 3747 816 3806 virentem

161 3825 303 3887 Plurimus
315 3827 477 3886 Alburnum
489 3827 621 3899 vohtans‚
634 3826 680 3886 cui
693 3846 797 3885 nomen
810 3827 879 3885 asilo

162 3905 322 3967 Romanum
335 3909 388 3980 est,
400 3910 521 3966 oestrum
534 3907 614 3965 Graii
625 3908 736 3965 vertere
748 3909 900 3979 vocantes3

162 3986 255 4066 Asper,
267 3987 367 4047 acerba
376 4006 480 4046 sonans
485 4011 497 4061 ,·
516 4006 573 4066 quo
585 3989 652 4050 tota
663 3987 805 4051 exterrita
816 3987 899 4051 silvis
