2506 4298
154 198 212 257 106
462 215 489 256 r.
503 213 800 257 vrncrnrrnsnorrs

56 333 72 423 ι’
90 322 96 355 i
153 357 195 414 Et
209 355 265 414 sale
278 356 408 440 tabentes
422 359 501 414 artus
513 356 544 414 in
557 339 647 445 litore
659 359 779 433 ponunt.
872 340 904 418 dr
917 402 920 409 ,
943 348 1048 424 aalys

76 486 78 493 .
152 436 197 495 Ao
210 435 334 513 primum
348 436 419 495 silici
432 436 585 495 scintillam
599 436 713 494 excudit
726 436 861 509 Achates,

153 515 338 592 Suscepitque
351 516 447 593 ignem
460 516 544 586 foliis,
558 518 644 592 atque
658 515 736 573 arida
748 517 855 574 circum

154 595 343 653 Nutrimenta
355 595 442 668 dedit,
455 596 606 673 rapuitque
619 595 650 652 in
663 596 763 654 fomite
776 595 930 654 flammam.

67 702 134 791 a
154 673 645 830 Mna,
852 695 930 734 a,

18 834 24 859 '
49 830 71 863 μ
155 775 433 911 niionere'paane
445 801 567 892 fiammis
581 839 611 893 et
624 774 753 911 sriingere
767 776 843 892 sidio.

194 913 299 972 AEneas
313 914 460 992 scopulum
472 914 582 972 interea
594 914 766 986 conscendit,
780 917 809 972 et
823 934 937 972 omnem
1077 907 1135 967 idle

155 993 343 1070 Prospectum
356 994 414 1052 late
427 994 527 1071 pelago
540 993 755 1069 petit,;Anthea
768 994 792 1050 si
805 1013 891 1070 quem

155 1072 177 1130 J
178 1076 306 1131 actatum
319 1076 406 1131 vento
419 1073 523 1144 videat,
538 1072 734 1150 Phrygiasque
747 1073 877 1144 biremes,

155 1153 218 1210 Aut
232 1152 340 1230 Capyn,
353 1155 404 1211 aut
417 1153 498 1211 celsis
510 1153 541 1210 in
554 1152 694 1230 puppibus
708 1172 787 1209 arma
800 1152 888 1211 Caici.

156 1232 269 1289 Navem
281 1233 312 1290 in
326 1235 479 1310 conspectu
490 1232 607 1302 nullam,
620 1237 679 1290 tres
692 1232 775 1290 litore
789 1252 886 1290 cervos

157 1311 299 1388 Prospicit
312 1316 454 1384 errantes3
474 1311 526 1370 hos
540 1314 604 1369 tota
617 1315 746 1369 armenta
759 1315 917 1388 sequuntur

83 1430 115 1463 ss
156 1391 184 1447 A
197 1393 289 1468 tergo,
303 1395 332 1449 et
345 1391 464 1469 longum
477 1412 527 1468 per
538 1391 626 1449 valles
640 1391 765 1468 pascitur
779 1411 891 1466 agmen.

157 1469 298 1529 Constitit
311 1471 367 1543 hic,
382 1491 532 1548 arcumque
544 1491 633 1528 manu
646 1471 802 1547 celeresque
816 1471 937 1548 sagittas

157 1549 311 1627 Corripuit,
325 1551 398 1608 fidus
412 1572 474 1628 quae
487 1550 546 1609 tela
558 1550 675 1627 gerebat
688 1550 814 1608 Achates
825 1575 832 1622 ;

157 1630 354 1707 Ductoresque
367 1631 443 1707 ipsos
456 1631 589 1707 primum,
603 1630 697 1707 capita
710 1629 769 1688 alta
782 1631 905 1688 ferentes

158 1709 298 1768 Cornibus
312 1711 442 1782 arboreis,
456 1710 567 1781 sternit,
581 1712 646 1767 tum
659 1710 779 1786 vulgus;
799 1712 829 1768 et
842 1729 957 1768 omnem

158 1789 264 1848 Miscet
278 1810 364 1866 agens
376 1790 442 1848 telis
455 1810 571 1848 nemora
582 1789 659 1847 inter
671 1789 788 1847 frondea
800 1790 925 1848 turbam.

159 1869 222 1927 Neo
234 1868 312 1947 prius
326 1869 447 1941 absistit,
462 1890 547 1946 quam
561 1873 670 1947 septem
683 1869 813 1946 ingentia
825 1868 918 1927 victor

159 1947 285 2025 Corpora
297 1949 400 2007 fundat
412 1949 502 2021 humi,
516 1952 546 2008 et
560 1969 710 2007 numerum
724 1969 790 2007 cum
802 1948 922 2006 navibus
936 1950 1039 2026 aequet.

159 2027 240 2086 Hinc
253 2032 369 2104 portum
382 2030 465 2106 petit,
479 2032 509 2087 et
523 2029 612 2087 socios
625 2029 751 2105 partitur
762 2028 794 2085 in
808 2048 914 2086 omnes.

158 2107 234 2166 Vina
246 2107 336 2167 bonus
350 2129 412 2185 quae
425 2109 525 2166 deinde
539 2109 614 2168 cadis
629 2111 759 2167 onerarat
774 2108 892 2166 Acestes

160 2186 260 2245 Litore
274 2188 428 2260 Trinacrio,
442 2188 612 2265 dederatque
625 2188 795 2246 abeuntibus
807 2188 900 2259 heros,

159 2266 281 2339 Dividit,
295 2271 325 2325 et
338 2267 422 2326 dictis
436 2269 582 2326 maerentia
594 2272 710 2344 pectora
722 2268 846 2326 mulcet:

199 2345 251 2403 “0
265 2348 341 2419 socii,
354 2368 445 2424 neque
458 2347 534 2406 enim
547 2348 640 2425 ignari
652 2368 750 2405 sumus
764 2351 831 2405 ante
844 2346 992 2417 malorum,

160 2425 185 2484 0
199 2426 274 2502 passi
287 2428 425 2504 graviora,
439 2427 519 2486 dabit
533 2428 601 2485 deus
615 2427 660 2484 his
674 2447 785 2504 quoque
795 2427 891 2484 finem.

159 2505 219 2564 Vos
233 2510 263 2564 et
277 2507 425 2585 Scyllaeam
438 2507 544 2566 rabiem
557 2507 727 2584 penitusque
741 2508 874 2564 sonantes

159 2585 289 2644 Accestis
302 2588 447 2664 scopulos;
468 2607 517 2645 vos
531 2590 561 2645 et
575 2585 712 2664 Cyclopia
725 2606 792 2644 saxa

160 2666 290 2741 Experti.
330 2667 475 2726 Revocate
488 2667 606 2737 animos,
620 2670 807 2742 maestumque
820 2664 955 2722 timorem

160 2744 284 2804 Mittite.
325 2746 434 2805 Forsan
448 2749 478 2805 et
490 2746 550 2805 haec
564 2747 632 2805 olim
645 2746 808 2804 meminisse
817 2743 939 2822 juvabit.

160 2825 217 2882 Per
229 2826 321 2884 varios
335 2847 423 2898 casus,
437 2846 487 2904 per
499 2830 546 2885 tot
559 2825 723 2884 discrimina
735 2844 831 2883 rerum

160 2904 316 2963 Tendimus
328 2906 360 2964 in
372 2906 498 2978 Latium,
513 2906 591 2964 sedes
605 2906 654 2964 ubi
667 2905 727 2963 fata
740 2905 850 2982 quietas

160 2984 340 3044 Ostendunt:
360 2985 419 3044 illic
432 2987 474 3044 sas
487 3006 575 3063 regna
587 3005 733 3062 resurgere
746 2983 847 3061 Trojae.

160 3063 281 3137 Durate,
295 3068 324 3124 et
336 3069 448 3124 vosmet
461 3067 544 3124 rebus
558 3068 668 3123 servate
682 3063 840 3123 secundis.’'

201 3144 282 3203 Talia
293 3166 362 3204 voce
375 3146 477 3218 refe1t3
498 3146 627 3222 curisque
640 3144 805 3221 ingentibus
819 3162 893 3219 aeger

161 3223 248 3301 Spem
260 3225 345 3283 vultu
358 3226 482 3296 simulat,
495 3225 600 3302 premit
613 3224 705 3282 altum
718 3223 801 3282 corde
814 3222 948 3291 dolorem.
1081 3284 1090 3299 ι

1 3368 2 3372 1
65 3332 69 3341 ·
102 3356 104 3361 .
118 3366 121 3371 ,
161 3303 211 3360 Illi
224 3324 254 3362 se
266 3305 367 3382 praedae
380 3306 533 3382 accingimt
547 3304 721 3382 dapibusque
734 3301 857 3361 futuris:
873 3296 920 3377 llig-
944 3300 1010 3377 [Ἄ
1019 3301 1057 3363 ’Ὺ
1080 3290 1130 3384 's
1137 3296 1161 3359 i'

60 3394 62 3399 '
95 3380 104 3399 ‘
161 3383 287 3463 Tergora
300 3384 443 3462 deripiunt
457 3385 552 3455 costis,
567 3388 597 3442 et
610 3384 717 3442 viscera
730 3382 857 3453 nudant3
891 3371 908 3409 s
991 3378 1012 3421 ‘f
1023 3363 1056 3427 A
1103 3374 1147 3441 ‘s'
1161 3394 1164 3403 '

161 3462 233 3521 Pars
245 3464 276 3521 in
289 3464 381 3522 frusta
394 3468 499 3536 secant,
512 3462 681 3540 veribusque
694 3461 848 3521 trementia
860 3460 973 3538 figunt3
995 3459 1024 3511 Χ
1029 3494 1040 3511 v
1070 3464 1167 3543 war‘

161 3541 260 3601 Litore
274 3542 364 3601 ahena
376 3543 472 3602 locant
485 3543 542 3615 alii,
555 3532 739 3621 flammasque
752 3541 928 3600 ministrant.

161 3622 238 3681 Tum
250 3623 330 3681 victu
343 3626 478 3681 revocant
490 3622 573 3695 vires,
586 3623 698 3699 fusique
711 3642 761 3699 per
773 3621 892 3679 herbam

17 3701 326 3790 ¹21.·...:1r1mplentur
338 3703 443 3761 veteris
457 3703 564 3760 Bacchi
577 3703 747 3780 pinguisque
760 3700 864 3759 ferinae.
883 3703 937 3779 fr!
958 3704 1024 3741 rm.
1041 3706 1098 3739 ·‘’=·

161 3781 321 3859 Postquam
334 3785 446 3841 exemta
458 3783 547 3841 fames
562 3782 662 3858 epulis,
676 3800 835 3859 mensaeque
847 3779 980 3869 remotae,
992 3848 999 3861 .-

158 3861 290 3922 Amissos
302 3862 389 3941 longo
402 3862 492 3921 socios
506 3881 634 3920 sermone
647 3861 804 3939 requinmt,
887 3880 945 3929 *qv
970 3872 991 3906 'r
1006 3880 1044 3902 wa
1071 3857 1143 3933 &⁶¹2

146 3939 296 4023 Spemque
308 3947 480 4024 metumque
493 3942 571 4004 inter
584 3941 674 4017 dubii,
684 3961 738 4002 seu
744 3940 840 3999 uiuere
852 3918 979 4009 credant,
