2506 4298
141 215 202 274 210
446 230 473 273 r.
487 228 629 273 v1no1m1
641 227 784 273 nanctus

144 370 273 431 Pontum
286 372 469 450 aspectabant
482 373 599 431 flentes:
620 375 637 403 “
646 371 724 444 Heu,
736 374 784 431 tot
797 371 871 432 vada
882 373 973 448 fessis,

143 451 187 510 Et
199 455 316 511 tantum
328 472 472 530 superesse
485 451 570 511 maris
579 452 606 511 l”
627 472 683 510 vox
696 452 827 511 omnibus
840 473 906 513 una.

144 531 368 605 Urbemorant3
387 533 476 591 taedet
488 531 582 610 pelagi
595 531 716 609 perferre
729 531 863 592 laborem.

145 610 226 690 Ergo
239 611 315 670 inter
327 579 434 671 midias
448 631 507 671 sese
520 611 618 670 haud
609 631 710 689 ignara
721 612 843 671 nocendi

146 690 278 770 (lonJ‘ioit,
292 695 323 750 et
335 692 490 769 faciemque
504 692 563 750 deae
575 695 740 770 vestemque
752 692 882 769 reponit.

146 770 198 828 Fit
211 771 313 844 Beroe,
327 771 463 830 Tmarii
448 771 551 849 conjux
563 771 692 863 longeva
705 771 832 849 Dorycli,

146 850 202 908 Cui
214 870 303 942 genus
317 854 347 909 et
360 851 503 929 quondam
516 870 620 909 nomen
632 850 749 928 natique
762 851 901 924 fuissent3

146 929 225 988 Ac
204 950 262 989 ιιι·
256 929 454 989 Dardanidum
467 931 590 989 mediam
602 951 633 990 se
646 930 785 989 matribus
797 930 900 990 infert:

146 1009 200 1067 “O
214 1009 335 1082 misera,
349 1030 417 1087 quas
430 1030 488 1069 non
501 1010 631 1082 manus‚”
646 1010 750 1087 inquit,
764 1015 780 1042 “
788 1010 914 1069 Achaea
926 1009 1001 1070 bello

147 1088 278 1148 Traxerit
292 1089 328 1148 ad
339 1089 431 1148 letum
443 1091 543 1167 patriae
556 1090 609 1148 sub
621 1089 779 1149 moenibus!
800 1110 818 1149 ο
830 1109 902 1168 gens

146 1168 268 1227 Infelix!
289 1169 335 1227 cui
347 1173 378 1228 ιι
391 1170 478 1229 exitio
490 1171 607 1228 fortuna
618 1172 744 1228 reservat
754 1167 768 1227 P

147 1247 276 1325 Septima
288 1252 354 1325 post
368 1249 459 1328 Trojae
473 1249 614 1308 excidium
621 1249 684 1326 jam
696 1249 819 1307 vertitur
832 1250 925 1321 aestas,

148 1328 245 1401 Quum
257 1328 339 1401 freta,
353 1349 442 1407 quum
454 1332 544 1387 terras
559 1348 666 1399 omnes,
678 1330 726 1387 tot
739 1327 886 1405 inhospita
898 1348 966 1388 saxa

148 1407 300 1485 Sideraque
314 1428 433 1467 emensa
446 1409 581 1480 ferimur3
601 1407 671 1465 dum
683 1427 734 1484 per
747 1427 825 1465 mare
838 1427 974 1485 magnum

147 1487 265 1546 Italiam
278 1489 421 1565 sequimur
433 1488 600 1565 fugientem,
614 1491 644 1546 et
656 1487 798 1546 volvimur
810 1487 905 1545 undis.

146 1566 207 1625 Hic
221 1567 324 1645 Erycis
337 1568 407 1626 fines
420 1567 547 1640 fraterni,
560 1570 646 1644 atque
659 1567 761 1644 hospes
775 1567 911 1626 Acestes:

148 1646 225 1718 Quid
237 1647 369 1723 prohibet
382 1668 478 1706 muros
487 1648 590 1725 jacere,
606 1650 636 1705 et
649 1647 715 1705 dare
728 1646 836 1704 civibus
849 1645 975 1705 urbem?

148 1725 174 1784 Ο
188 1726 289 1803 patria,
302 1731 332 1786 et
345 1728 421 1804 rapti
433 1727 624 1805 nequidquam
637 1745 672 1787 ex
684 1725 767 1784 hoste
780 1729 908 1802 penates,

148 1805 273 1864 Nullane
282 1807 344 1885 jam
357 1807 448 1886 Trojae
461 1806 592 1865 dicentur
604 1804 733 1864 moenia?
753 1825 895 1882 nusquam

148 1884 308 1944 Hectoreos
322 1906 427 1959 amnes,
441 1886 593 1945 Xanthum
605 1888 636 1944 et
649 1885 806 1957 Simoenta,
819 1884 946 1946 videbo?

148 1964 225 2036 Quin
238 1965 324 2042 agite,
338 1969 368 2024 et
380 1986 493 2024 mecum
505 1966 643 2024 infaustas
657 1964 766 2023 exurite
778 1984 896 2041 puppes.

148 2044 228 2102 Nam
241 2045 313 2103 mihi
327 2045 492 2104 Cassandrae
505 2066 556 2122 per
569 2064 702 2103 somnum
715 2044 790 2102 vatis
803 2044 899 2122 imago

150 2124 293 2182 Ardentes
306 2125 372 2183 dare
385 2125 446 2183 visa
458 2126 540 2183 faces.
582 2125 640 2182 Hic
654 2123 771 2201 quaerite
785 2123 918 2201 Trojam3

150 2203 210 2261 Hic
223 2203 381 2262 domust
338 2207 381 2262 est
384 2205 507 2282 ,inquit
519 2204 609 2262 vobis.
650 2203 671 2260 J
672 2223 718 2261 am
731 2206 846 2280 tempus
859 2204 906 2282 agi
918 2224 980 2276 res3

150 2282 214 2341 Nec
227 2283 316 2341 tantis
330 2305 410 2343 mora
422 2284 567 2377 prodigiis.
607 2282 656 2341 En
669 2286 792 2360 quatuor
805 2302 860 2340 arae

149 2361 297 2438 Neptuno.
337 2363 490 2441 Deusipse
502 2364 576 2423 faces
590 2363 771 2454 animumque
785 2362 961 2421 ministrat.”
1022 2421 1024 2425 ,

151 2440 223 2500 Haec
236 2462 404 2535 memorans,
418 2444 510 2521 prima
522 2442 704 2501 infensum
677 2462 707 2500 vr
721 2441 858 2519 corripit'
849 2462 987 2575 rgnem

151 2507 325 2600 sublataque
338 2487 436 2600 produl
449 2524 549 2582 dextra
562 2522 681 2582 connixa
694 2525 881 2593 coruscat,

151 2599 194 2659 Et
203 2601 284 2679 jacit.
324 2605 450 2662 Arrectae
463 2606 583 2673 mentes,
597 2602 810 2693 stupefactaque
824 2548 927 2660 'cordo

151 2679 285 2740 Iliadum
325 2683 385 2742 Hic
398 2703 484 2741 unae
497 2649 605 2754 multis,
619 2702 683 2759 quae
697 2681 823 2738 maxima
835 2683 916 2754 natu,

151 2758 258 2838 Pyrgo,
272 2763 318 2820 tot
332 2763 440 2821 Priami
453 2766 587 2821 natorum
599 2761 678 2839 regia
690 2760 803 2819 nutrix.

152 2840 247 2898 “Non
260 2841 352 2901 Berod
366 2843 455 2915 vobis,
468 2863 526 2902 non
539 2842 600 2901 haec
614 2841 759 2912 Rhoetea
772 2842 888 2914 matres,

151 2918 208 2978 Est
221 2920 347 3000 Dorycli
354 2922 464 2999 conjux.
505 2921 639 2980 Divini
618 2940 700 3013 signa
712 2919 829 2990 decoris,

151 3000 349 3078 Ardentesque
362 3005 461 3061 notate
475 3001 588 3073 oculos3
608 3021 658 3078 qur
649 2999 787 3078 spiritus
800 2965 852 3071 illi,

153 3078 210 3150 Qui
222 3081 328 3153 ιιιιιι,
341 3081 453 3140 vocisve
467 3102 561 3153 sonus,
574 3080 620 3139 vel
633 3099 746 3157 gressus
760 3079 851 3137 eunti.

151 3157 221 3234 Ipsa
233 3164 347 3237 egomet
360 3161 469 3219 dudum
482 3161 596 3220 Beroen
609 3159 735 3236 digressa
747 3157 849 3234 reliqui

152 3237 280 3315 AEgram,
293 3240 500 3333 indignantem,
513 3240 566 3299 tali
579 3240 655 3317 quod
668 3239 727 3298 sola
740 3241 847 3297 careret

152 3316 282 3390 Munere,
296 3340 347 3378 nec
361 3321 477 3379 meritos
490 3320 624 3379 Anchisa
636 3319 753 3377 inferret
766 3316 917 3377 honoresst'

151 3395 224 3456 Haeo
238 3364 330 3457 eff’ata.

152 3478 195 3534 At
208 3481 314 3537 matres
326 3479 418 3556 primo
432 3479 569 3556 ancipites
583 3478 727 3555 oculisque
739 3475 873 3554 malignis

152 3556 304 3634 Ambigua
318 3564 444 3635 spectare
456 3563 540 3631 rates,
553 3559 689 3617 miserum
701 3557 778 3616 inter
791 3575 918 3616 amorem

153 3634 310 3695 Praesentis
322 3639 405 3696 terrae
407 3639 549 3716 ‚fatisque
562 3637 695 3697 vocantia
707 3656 811 3714 regna.

155 3716 251 3788 Quum
265 3716 317 3774 dea
329 3737 359 3776 se
370 3718 485 3794 paribus
498 3739 549 3796 per
562 3718 667 3777 coelum
679 3716 798 3776 sustulit
811 3715 872 3789 alis,

153 3795 363 3874 lugentemque
376 3797 445 3889 fuga
457 3798 548 3858 secuit
562 3798 615 3857 sub
628 3796 752 3857 nubibus
766 3815 872 3855 arcum.

151 3875 228 3937 Tum
242 3895 310 3938 vero
324 3877 457 3938 attonita
469 3877 605 3938 monstris
619 3880 747 3955 actaeque
761 3876 856 3935 liuore

143 3957 342 4025 Conclamant
342 3959 542 4048 ,rapiuntque
552 3957 626 4021 focis
634 3954 841 4038 passuum
833 3973 950 4036 ignem
