2506 4298
467 230 647 274 anahamon
662 231 725 274 mn.
739 232 783 275 Π.

149 377 312 436 Observans
325 374 393 434 nido
405 373 556 452 implumes
570 374 693 433 detraxit
705 399 711 433 :
726 378 756 434 at
769 375 818 434 illa

151 457 219 515 Flet
231 458 355 526 noctem,
368 474 502 531 ramoque
515 455 614 513 sedens
627 454 784 514 miserabile
795 475 909 514 carmen

151 536 295 614 integrat,
308 538 339 593 et
351 534 459 592 maestis
472 534 531 594 late
543 534 605 593 loca
618 535 763 611 questibus
776 535 884 612 implet.

151 615 242 674 Nulla
253 614 359 686 Venus,
372 634 431 672 non
443 614 496 671 ulli
509 613 636 671 animum
648 614 749 672 flexere
762 613 904 692 hymenaei
915 640 923 688 3

151 694 234 754 Solus
247 694 435 772 hyperboreas
448 693 551 771 glacies
564 694 738 770 Tanaimque
750 694 881 766 nivalem,

151 775 285 850 Arvaque
298 773 426 850 Rhipaeis
438 792 587 848 nunquam
598 774 717 831 viduata
728 773 837 850 pruinis

151 853 318 926 bustrabat,
330 855 442 930 raptam
454 852 619 928 Eurydicen
631 855 718 930 atque
729 853 811 911 irrita
823 853 902 911 Ditis

152 931 238 993 Dona
250 952 388 1011 querens:
403 935 504 1009 spretae
518 931 657 991 Ciconum
669 952 726 1009 quo
739 953 856 992 munere
869 936 983 1006 matres,

152 1012 236 1072 Inter
248 1033 328 1071 sacra
339 1013 425 1071 deum
437 1012 626 1089 nocturnique
639 1012 718 1089 orgia
730 1012 845 1084 Bacchi,

151 1093 337 1170 Discerptum
349 1092 444 1150 latos
432 1110 567 1170 juvenem
581 1111 704 1167 sparsere
717 1112 768 1168 per
780 1112 871 1169 agros.

150 1172 229 1230 Tum
241 1191 362 1248 quoque,
375 1191 532 1229 marmorea
544 1174 630 1248 caput
644 1191 661 1229 a
673 1171 780 1230 cervice
792 1172 936 1230 revulsum

151 1251 277 1330 Gurgite
290 1271 379 1328 quum
391 1251 484 1310 medio
497 1253 614 1356 portans
628 1250 762 1328 (Eagrius
776 1251 893 1309 Hebrus

151 1331 318 1404 Volveret,‘
327 1330 509 1408 Eurydicen'
523 1350 580 1388 vox
592 1330 653 1407 ipsa
666 1333 695 1388 et
707 1330 811 1408 frigida
822 1330 930 1408 lingua,

151 1411 221 1469 ‘Ah
233 1411 367 1469 miseram
379 1410 565 1488 Eurydiceni’
581 1410 675 1468 anima
686 1409 815 1488 fugiente
828 1411 947 1469 vocabat
958 1435 965 1482 ;

150 1490 351 1568 ‘Eurydicen'
366 1492 430 1549 toto
443 1490 601 1548 referebant
613 1489 731 1548 flumine
743 1489 841 1567 ripae.'’

192 1570 265 1629 Haec
279 1569 416 1628 Proteus:
431 1572 460 1628 st
474 1590 503 1628 se
512 1569 595 1647 jactu
608 1568 686 1627 dedit
699 1589 794 1645 aequor
806 1569 837 1628 in
850 1569 943 1627 altum
954 1594 960 1640 ;

149 1649 272 1726 Quaque
285 1649 372 1720 dedit,
386 1653 567 1725 spumantem
579 1648 686 1706 undam
699 1649 753 1707 sub
765 1649 871 1708 vertice
883 1649 978 1707 torsit.

150 1730 195 1786 At
207 1749 267 1786 non
280 1729 391 1806 Cyrene
402 1753 408 1800 ;
422 1747 544 1805 namque
556 1727 634 1786 ultro
647 1728 734 1786 affata
744 1728 913 1787 timentem:

192 1812 208 1839 “
219 1809 307 1880 Nate,
321 1808 388 1866 licet
400 1807 498 1867 tristes
511 1807 605 1866 animo
618 1807 756 1885 deponere
769 1827 859 1866 curas.

150 1887 225 1947 Haec
235 1887 329 1946 omnis
341 1887 435 1947 morbi
447 1907 549 1959 oausa3
562 1886 629 1945 hinc
643 1887 801 1945 miserabile
814 1887 971 1965 Nymphae,

149 1967 228 2024 Cum
241 1967 345 2044 quibus
358 1966 408 2024 illa
420 1966 520 2025 choros
533 1966 608 2043 lucis
618 1966 746 2044 agitabat
759 1966 790 2025 in
803 1966 878 2039 altis,

152 2046 287 2105 Exitium
299 2046 400 2105 misere
412 2045 521 2124 apibus.
561 2045 608 2104 Tu
620 2066 739 2104 munera
751 2046 870 2124 supplex

151 2126 260 2198 Tende,
273 2129 374 2204 petens
386 2145 495 2202 pacem,
508 2127 538 2184 et
551 2125 645 2184 faciles
658 2145 790 2184 venerare
799 2126 937 2203 Napaeas:

152 2205 288 2282 Namque
301 2205 411 2264 dabunt
422 2204 536 2264 reniam
547 2205 632 2277 votis,
645 2205 756 2282 irasque
767 2205 927 2264 remittent.

152 2285 218 2358 Sed,
231 2285 335 2344 modus
347 2285 446 2344 orandi
459 2285 509 2362 qui
521 2285 568 2356 sit,
581 2285 660 2362 prius
673 2285 771 2344 ordine
783 2285 884 2344 dicam.

155 2365 287 2437 Quatuor
300 2364 417 2423 eximios
430 2365 579 2443 prestanti
589 2384 703 2442 corpore
714 2367 822 2437 tauros,

155 2444 212 2516 Qui
224 2444 280 2503 tibi
292 2464 369 2502 nunc
381 2444 480 2502 viridis
493 2444 649 2522 depascrmt
663 2463 775 2502 summa
787 2443 893 2522 Lycaei,

154 2523 266 2602 Delige‚
280 2527 310 2582 et
321 2523 432 2582 intacta
443 2523 566 2583 totidem
579 2524 685 2583 cervice
693 2523 838 2602 juvencas.

155 2603 287 2675 Quatuor
299 2603 345 2661 his
357 2623 420 2662 aras
433 2603 490 2661 alta
502 2604 539 2662 ad
551 2603 668 2662 delubra
680 2605 797 2662 dearum

155 2681 316 2755 Constitue,
328 2686 360 2742 et
372 2702 485 2742 sacrum
493 2682 603 2761 jugulis
616 2682 736 2742 demitte
749 2701 877 2741 cruorem
887 2705 895 2755 3

155 2761 335 2840 corporaque
345 2762 409 2840 ipsa
419 2763 508 2822 bourn
520 2763 653 2821 frondoso
665 2763 759 2822 desere
770 2762 843 2821 luco.

155 2841 236 2914 Post,
249 2842 301 2901 ubi
313 2862 389 2900 nona
401 2862 467 2901 suos
481 2861 581 2901 aurora
593 2842 749 2901 ostenderit
762 2845 852 2900 ortus.

156 2920 277 2980 Inferias
291 2921 399 2998 Orphei
410 2922 529 2980 Irethaea
541 2941 679 2999 papavera
690 2922 807 2993 mittes3

156 3000 305 3059 Placatam
317 3001 483 3080 Eurydicen
495 3001 589 3061 vitula
600 3002 767 3060 venerabere
780 3020 886 3105 cassa,

155 3080 239 3139 Et
210 3100 323 3159 mgram
335 3081 473 3140 mactabis
486 3101 568 3140 ovem
570 3082 742 3173 ,lucumque
754 3078 886 3139 revisesff’

196 3159 287 3219 Haud
297 3180 394 3219 mora:
409 3161 545 3220 continuo
558 3127 658 3218 matris
671 3163 812 3253 praeeepta
824 3157 945 3218 facessit.

156 3240 205 3297 Ad
216 3238 334 3298 delubra
346 3240 442 3313 venit;
454 3243 626 3298 monstratas
639 3240 746 3298 excitat
759 3259 837 3312 aras;

158 3319 291 3392 Quatuor
303 3319 420 3379 eximios
432 3319 580 3398 praestanti
593 3340 708 3397 corpore
720 3322 818 3378 tauros

156 3398 257 3472 Ducit,
270 3402 300 3458 et
312 3399 423 3460 intacta
433 3399 556 3459 totidem
569 3400 676 3458 cervice
684 3400 830 3478 juvencas.

157 3478 238 3551 Post,
251 3479 302 3538 ubi
314 3499 391 3538 nona
402 3499 468 3538 suos
481 3499 582 3538 aurora
593 3479 744 3537 induxerat
757 3481 846 3550 ortus,

157 3558 277 3618 Inferias
291 3559 399 3636 Orphei
410 3558 513 3631 mittit,
526 3558 679 3635 lucumque
691 3557 799 3617 revisit.

157 3638 217 3697 Hic
229 3658 297 3697 vero
310 3639 440 3698 subitum
453 3659 485 3698 ac
498 3639 579 3698 dictu
591 3638 719 3697 mirabile
732 3639 893 3696 monstrum

157 3718 321 3796 Aspiciunt,
333 3717 486 3795 liquefacta
497 3719 586 3777 boum
593 3738 647 3811 per
659 3718 767 3777 viscera
778 3719 844 3777 toto

157 3796 283 3858 Stridore
296 3817 363 3876 apes
375 3801 467 3871 utero,
481 3803 511 3857 et
523 3798 617 3876 ruptis
626 3798 758 3856 effervere
772 3796 876 3868 costis;

157 3875 374 3954 Immensasque
384 3844 467 3936 trahi
474 3877 612 3950 nubes;
600 3897 717 3971 Jamque
729 3877 827 3936 arbore
840 3893 952 3935 summa

157 3955 316 4031 confluere,
329 3956 457 4017 atlantis
470 3976 555 4017 uram
568 3923 720 4020 demittere
732 3955 831 4019 ramis.

613 4055 640 4103 Η
