2506 4298
433 194 576 237 muros
589 194 652 237 LIB.
668 195 712 236 IX.

96 335 232 395 Intendit
245 335 345 408 telum,
360 335 525 414 diversaque
538 335 653 395 brachia
666 337 771 395 ducens

97 415 249 488 Constitit,
263 419 329 474 ante
343 415 365 472 J
365 436 448 474 ovem
461 416 580 493 supplex
592 432 642 493 per
656 420 724 475 vota
736 419 887 494 precatus:

97 495 243 573 “Jupiter
256 495 445 573 omnipotens,
459 496 611 554 audacibus
626 516 718 555 annue
732 497 842 574 coeptis.

97 574 167 651 Ipse
179 575 236 633 tibi
248 576 285 633 ad
297 578 349 633 tua
362 575 470 653 templa
483 576 572 634 feram
586 575 723 634 solemnia
736 577 819 648 dona,

96 653 141 713 Et
155 657 283 713 statuam
295 658 363 713 ante
376 675 438 713 aras
452 642 552 715 auratt
563 655 658 714 fronte
667 655 823 732 juvencum

98 733 285 806 candentem,
298 734 459 812 pariterque
472 738 559 811 caput
572 755 639 792 cum
651 739 744 793 matre
758 735 904 807 ferentem,

98 813 121 871 J
122 833 170 871 am
184 834 272 872 cornu
284 816 366 892 petat
379 817 409 872 ct
422 815 542 892 pedibus
556 814 606 891 qui
621 818 738 892 spargat
751 817 896 874 arenam.'’
930 796 1034 884 Ma

96 893 202 952 Audiit
212 897 242 952 ct
256 894 320 952 coeli
333 893 454 952 Genitor
467 895 502 952 de
515 897 597 971 parte
610 891 710 952 serent

98 971 236 1031 Intonuit
248 973 368 1031 laevum:
391 977 474 1032 sonat
487 994 546 1032 una
558 973 654 1031 fatifer
667 994 757 1032 arcus,

98 1052 214 1130 Effugit
227 1053 400 1112 horrendum
413 1053 536 1112 stridens
550 1053 675 1112 adducta
688 1054 811 1131 sagitta3

99 1131 211 1209 Perque
224 1136 310 1210 caput
323 1132 440 1192 Remuli
452 1133 541 1205 venit,
554 1137 584 1191 et
598 1153 667 1191 cava
679 1136 809 1211 tempora
821 1134 895 1194 ferro

99 1211 227 1290 Trajieit.
269 1217 285 1243 “
294 1213 320 1284 I,
332 1213 426 1272 verbis
439 1213 578 1271 virtutem
592 1213 679 1271 illude
693 1213 829 1289 superbis.

99 1290 152 1348 Bis
166 1291 243 1369 capti
256 1291 387 1370 Phryges
397 1293 459 1352 haee
473 1292 592 1351 Rutulis
605 1313 739 1369 responsa
751 1293 935 1352 remittunt.”

99 1370 167 1429 Hoc
179 1373 296 1429 tantum
305 1372 454 1430 Ascanius.
495 1373 597 1430 Teucri
610 1372 730 1431 elamore
744 1377 910 1450 sequuntur,

99 1450 271 1528 Laetitiaque
280 1451 416 1524 fremunt,
430 1452 594 1529 animosque
607 1452 643 1509 ad
657 1453 748 1510 sidera
760 1453 877 1512 tollunt.

40 1516 78 1597 ‘A
99 1529 232 1588 AEthcria
245 1534 309 1588 tum
322 1531 397 1589 forte
410 1531 495 1610 plaga
507 1532 627 1590 crinitus
640 1531 745 1609 Apollo

99 1609 230 1688 Desuper
241 1611 382 1670 Ausonias
395 1612 468 1669 acies
481 1612 635 1686 urbemque
648 1612 772 1683 videbat,

99 1689 187 1748 Nube
201 1690 308 1763 sedens,
321 1694 407 1768 atque
420 1691 466 1750 his
479 1691 617 1750 victorem
630 1692 734 1749 affatur
744 1691 857 1751 Iulum:

54 1784 57 1832 ἶ
100 1769 225 1828 “Macte
238 1790 312 1828 nova
323 1766 449 1843 virtute:
454 1791 541 1848 puer3
562 1771 674 1829 cicitur
687 1770 724 1829 ad
737 1774 821 1843 astra,

53 1884 58 1935 Ι
100 1848 154 1906 Dis
168 1849 274 1926 genite,
288 1853 318 1908 et
331 1850 463 1927 geniture
476 1851 552 1909 deos.
593 1850 615 1907 J
616 1870 666 1908 ure
679 1851 775 1908 omnia
786 1851 862 1910 bella

100 1928 195 1987 Gente
208 1931 261 1988 sub
274 1930 406 1988 Assaraci
418 1931 478 1989 sato
492 1933 613 1988 ventura
621 1930 764 1988 resident:

99 2007 163 2066 Nec
176 2012 207 2067 te
220 2009 306 2087 'l'roja
318 2010 424 2087 capit.’'
467 2009 559 2067 Simul
571 2010 631 2069 haee
645 2011 747 2068 effatus
761 2010 796 2068 ab
810 2010 869 2069 alto

98 2087 219 2147 AEthere
232 2109 262 2147 se
275 2089 378 2161 mittit,
391 2090 531 2167 spirantes
544 2090 671 2148 dimovet
684 2110 774 2161 auras,

97 2168 309 2246 Ascaniumque
321 2169 405 2247 petit.
446 2170 582 2228 Formam
595 2172 661 2227 tum
674 2169 799 2227 vertitur
812 2169 868 2228 oris

97 2247 260 2325 Antiquum
272 2249 304 2306 in
316 2249 423 2308 Buten.
466 2249 525 2308 Hic
539 2249 684 2308 Dardanio
698 2249 834 2308 Anchisae

97 2327 233 2404 Armiger
246 2334 312 2386 ante
326 2329 391 2401 fuit,
404 2328 534 2405 fidusque
547 2330 584 2387 ad
596 2329 696 2387 limina
709 2333 823 2401 custos3

98 2407 176 2464 Tum
190 2408 323 2466 comitem
336 2409 459 2467 Ascanio
472 2412 555 2486 pater
568 2409 687 2468 addidit.
728 2410 796 2468 Ibat
809 2410 913 2487 Apollo

98 2486 205 2545 Omnia
217 2487 348 2565 longaevo
363 2488 472 2559 similia
486 2508 641 2566 vocemque
654 2489 841 2566 coloremque,

97 2566 140 2623 Et
154 2567 244 2624 crines
258 2568 336 2625 albos
350 2571 380 2626 et
394 2588 471 2626 saeva
484 2569 632 2627 sonoribus
647 2589 741 2640 arma;

97 2646 195 2722 Atque
208 2646 254 2704 his
267 2647 414 2706 ardentem
427 2648 512 2706 dictis
526 2649 630 2706 affatur
643 2647 758 2707 Iulum:

97 2729 114 2756 “
124 2725 170 2784 Sit
180 2727 258 2798 satia,
272 2727 408 2799 AEneada,
421 2727 487 2785 telis
500 2727 616 2804 impune
630 2728 799 2785 Numanum

97 2804 258 2882 Oppetiisse
270 2806 346 2879 tuis;
365 2808 487 2884 primam
499 2808 573 2866 hanc
586 2807 641 2866 tibi
654 2827 776 2884 magnus
789 2807 892 2884 Apollo

98 2883 237 2944 Concedit
250 2886 371 2958 laudern,
385 2890 415 2945 et
427 2887 542 2964 paribus
556 2907 614 2945 non
627 2886 737 2946 invidet
750 2887 835 2944 armis
846 2911 853 2959 ;

99 2963 202 3023 Cetera
215 2985 305 3042 parce,
318 2986 396 3044 puer,
409 2967 513 3025 bello.''
557 2967 603 3025 Sic
617 2987 697 3025 orsus
710 2967 814 3044 Apollo

98 3043 238 3103 Mortales
251 3046 344 3104 medio
358 3050 488 3124 aspectus
501 3067 630 3106 sermone
643 3046 766 3123 reliquit,

97 3123 141 3181 Et
154 3124 252 3200 procul
265 3125 296 3183 in
308 3128 426 3184 tenuem
439 3147 473 3184 ex
487 3126 574 3185 oculis
588 3126 704 3186 evanuit
718 3145 824 3184 auram,

97 3203 251 3280 Agnovere
264 3206 350 3263 deum
362 3225 490 3282 proceres
504 3206 655 3284 divinaque
669 3206 727 3264 tela

97 3282 281 3356 Dardanidae,
294 3286 513 3363 pharetramque
525 3276 598 3363 fuga
608 3306 717 3345 sensere
731 3288 888 3344 sonantem.

96 3362 178 3439 Ergo
191 3364 307 3422 avidum
319 3386 432 3443 pugna,
447 3366 530 3424 dictis
544 3386 576 3424 ac
590 3366 706 3424 numine
721 3365 832 3437 Phoebi,
891 3413 893 3418 .

97 3442 254 3500 Ascanium
266 3445 435 3521 prohibent3
455 3446 510 3523 ipsi
522 3446 553 3503 in
567 3446 722 3505 certamina
734 3466 831 3504 rursus

97 3521 269 3596 Succedunt,
283 3524 446 3602 animasque
459 3526 490 3583 in
503 3528 602 3603 aperta
614 3525 739 3603 pericula
752 3525 885 3584 mittunt.

96 3601 130 3659 It
144 3602 249 3660 clamor
262 3604 333 3662 totis
346 3625 396 3682 per
408 3605 622 3683 propugnacula
634 3605 740 3664 muris:

96 3680 260 3740 Intendunt
274 3704 350 3743 acres
364 3705 453 3758 arcus,
467 3689 637 3762 amentaque
649 3687 795 3760 torquent.
810 3679 853 3757 bt„
872 3670 974 3783 dltsq

97 3760 243 3820 Sternitur
256 3783 340 3822 omne
353 3765 446 3823 solum
459 3765 538 3838 telis3
557 3769 623 3824 tum
636 3767 718 3824 scuta
730 3784 864 3842 cavaeque

97 3841 180 3901 Dant
193 3842 320 3901 sonitum
333 3844 415 3903 flictu
428 3845 534 3923 galeae3
553 3865 651 3923 pugna
664 3864 762 3921 aspera
774 3845 885 3922 surgit:

10 3972 51 4021 W.
64 3928 81 4003 il
92 3920 230 4003 Quantus
243 3923 280 3983 ab
292 3943 395 3984 occasu
406 3925 522 3986 veniens
534 3925 705 4004 pluvialibus
718 3923 821 3984 Haedis
