2506 4298
146 209 204 266 332
405 212 411 221 '
445 224 626 266 1111111111
646 224 787 268 11111111

143 364 217 424 Inde
230 365 292 424 aliae
305 366 428 424 celerant
442 386 547 425 cursus
588 367 712 443 Stupet
704 368 809 426 mscius
822 368 882 446 ipse
1071 434 1080 446 ,

144 444 216 503 Tros
229 445 432 519 Anchisiades;
452 447 560 505 animos
574 448 672 504 tamen
685 448 778 506 omine
792 449 879 506 tollit.
1064 426 1176 487 AM

144 524 220 582 Tum
231 525 356 583 breviter
369 545 469 602 supera
482 529 629 603 aspectans
642 547 766 585 convexa
778 532 926 604 precatur.

144 604 257 662 “Alma
269 625 370 682 parens
384 605 463 663 Idaea
475 606 568 677 deum,
582 626 628 664 cur
619 606 789 684 Dindyma
802 608 887 680 cordi,

143 683 358 762 Tmrigeraeque
372 685 455 742 urbes
457 652 624 777 ‚bijugique
637 686 672 743 ad
686 686 766 744 frena
776 688 889 759 leones3

143 763 188 820 Tu
201 764 274 821 mihi
285 784 361 822 nunc
374 784 479 841 pugna
493 765 631 842 princeps,
644 768 679 823 11
691 765 746 824 rite
759 767 929 844 propinques

142 843 313 920 Augurium,
327 843 545 935 Phrygibusque
559 844 633 902 adsis
646 844 725 921 pede,
739 845 812 916 diva,
827 846 978 905 secundoss’

143 922 270 980 Tantum
283 923 401 981 effatus:
422 926 452 981 et
465 923 574 981 interea
586 924 716 982 revoluta
728 925 830 983 ruebat

143 1002 282 1060 Matura
269 1023 330 1079 jam
344 1002 405 1060 1111
419 1003 486 1073 dies,
500 1005 668 1095 noctemque
681 1004 803 1082 fugarat

182 1081 325 1173 Principio
339 1082 421 1140 sociis
435 1082 624 1160 edicit’,s1gna
637 1088 799 1159 sequaptur,

141 1160 239 1238 Atque
252 1161 360 1219 ammos
374 1165 474 1239 aptent
488 1162 573 1220 armis
575 1183 753 1240 ,pugnaeque
766 1165 867 1241 parent
880 1183 918 1221 11.

142 1240 265 1316 Jamque
277 1241 308 1298 in
322 1246 474 1318 conspectu
487 1208 610 1300 Teucrbs
622 1243 710 1301 habet
723 1246 753 1301 et
767 1262 817 1301 sua
830 1247 930 1314 castra,

142 1319 228 1388 Stans
242 1301 359 1379 celsdin
371 1321 477 1399 puppi:
499 1321 621 1398 clipeum
634 1342 723 1398 quum
736 1321 836 1380 deinde
849 1322 964 1381 sinistra

142 1400 259 1458 Extulit
272 1401 427 1459 ardentem.
468 1400 627 1459 Clamorem
642 1401 678 1458 ad
691 1400 782 1459 sidera
794 1401 901 1460 tollunt

141 1478 313 1538 Dardanidae
326 1500 341 1538 e
353 1480 460 1538 muris
454 1500 543 1557 ‚spes
557 1481 654 1539 addita
666 1481 787 1539 suscitat
799 1481 872 1554 iras;

142 1558 212 1617 Tela
224 1579 311 1618 manu
319 1559 439 1637 jaciunt.
480 1560 582 1630 Quales
597 1561 649 1619 sub
662 1561 785 1619 nubibus
799 1527 872 1618 atris

142 1638 313 1716 Strymonia
327 1639 432 1697 dant
411 1659 492 1717 srgna
505 1660 597 1717 grues,
611 1643 696 1715 atque
709 1641 818 1698 athera
830 1643 947 1698 tranant

142 1716 215 1776 cum
229 1719 334 1790 sonitu,
347 1719 518 1811 fugiuntque
531 1723 615 1778 notos
629 1720 750 1778 clamore
763 1720 894 1778 secundo.

140 1798 183 1855 At
197 1797 308 1857 Rutulo
320 1818 382 1876 regr
373 1799 567 1875 ducibusque
580 1819 613 1857 ea
625 1799 697 1857 mira
708 1799 799 1857 videri

140 1878 294 1950 Ausoniis;
313 1878 402 1937 donec
415 1898 509 1937 versas
523 1879 558 1936 ad
571 1879 657 1937 litora
669 1898 777 1956 puppes

64 1998 66 2002 -
141 1956 319 2034 Respiciunt,
332 1961 483 2050 totumque
497 1958 581 2016 allabi
594 1958 728 2017 classibus
741 1978 844 2035 aequor.

140 2037 233 2096 Ardet
246 2057 315 2114 apex
329 2037 424 2115 capiti,
438 2037 585 2114 cristisque
599 2038 733 2096 avertice
746 2037 861 2095 flamma

142 2115 295 2189 Funditur,
309 2120 339 2175 et
352 2121 448 2175 vastos
461 2118 548 2176 umbo
561 2117 653 2175 vomit
666 2137 766 2175 aureus
780 2116 878 2194 ignes:

18 2213 21 2219 ·
140 2195 211 2254 Non
224 2216 303 2254 secus
317 2216 349 2254 11
362 2176 503 2275 liquiod
482 2217 506 2254 11
520 2198 632 2273 quando
646 2200 729 2255 nocte
743 2200 862 2254 cornetae
872 2162 1020 2253 ostam

141 2274 295 2366 Sanguinei
308 2275 428 2352 lugubre
442 2277 554 2347 rubent,
568 2280 619 2334 ant
633 2277 721 2334 Sirius
735 2277 870 2334 ardor:

141 2353 194 2413 Ille
208 2354 287 2412 sitim
299 2355 467 2430 morbosque
480 2322 570 2413 fereris
584 2356 751 2414 mortalibus
765 2356 849 2433 aegris

141 2433 287 2504 Nascitur,
301 2436 331 2492 et
344 2434 415 2492 laevo
429 2435 581 2492 contristat
594 2436 701 2494 lumine
715 2435 827 2494 coelum.

180 2513 270 2571 Haud
281 2517 379 2571 tamen
392 2514 491 2572 audaci
504 2514 601 2572 Turno
615 2515 718 2573 fiducia
732 2515 815 2573 cessit

141 2592 242 2651 Litora
254 2593 412 2670 praecipere,
426 2597 455 2652 11
468 2594 613 2652 venientes
627 2594 728 2671 pellere
741 2598 826 2652 terra.

143 2672 243 2749 [Ultro
257 2673 365 2732 animos
378 2673 456 2732 tollit
469 2673 562 2746 dictis,
576 2679 661 2751 atque
674 2674 801 2750 increpat
815 2674 890 2731 ultro
902 2673 922 2750 ε]

141 2757 157 2783 “
167 2753 251 2825 Quod
263 2753 338 2810 votis
352 2753 473 2829 optastis
487 2754 576 2824 adest,
593 2754 765 2831 perfringere
779 2754 886 2811 dextre.

141 2831 179 2890 In
191 2833 322 2892 manibus
336 2833 416 2891 Mars
430 2833 498 2910 ipse,
511 2833 574 2891 viri.
615 2833 702 2891 Nunc
716 2833 845 2911 conjugis
858 2836 920 2891 esto

141 2912 266 2989 Quisque
280 2933 336 2970 suae
349 2913 475 2988 tectique
489 2934 616 2984 memor;
636 2933 712 2970 nunc
725 2933 830 2990 magna
842 2913 946 2970 referto

141 2991 240 3064 Facta,
253 2996 368 3068 patrum
381 2992 486 3050 laudes.
527 2993 614 3050 Ultro
628 3012 805 3050 occurramus
820 2992 856 3050 ad
868 2993 983 3065 undam,

140 3070 220 3129 Dum
233 3072 346 3149 trepidi,
359 3073 517 3150 egressique
530 3072 628 3130 labant
640 3072 762 3149 vestigia
774 3071 874 3149 prima.

140 3150 287 3209 Audentes
300 3151 415 3209 fortuna
423 3151 537 3228 juvat.'’

140 3230 215 3288 Haec
228 3230 278 3301 ait,
291 3233 321 3289 et
335 3251 430 3288 secum
443 3236 546 3301 versat,
560 3251 629 3308 quos
643 3231 744 3288 ducere
758 3233 865 3302 contra,

140 3309 194 3367 Vel
207 3276 308 3386 quibus
322 3311 448 3369 obsessos
462 3310 553 3402 possit
566 3311 730 3368 concredere
743 3330 847 3367 muros

180 3388 295 3448 Interea
308 3389 413 3448 AEneas
427 3390 516 3448 socios
530 3391 565 3449 de
578 3389 719 3467 puppibus
734 3389 799 3446 altis

141 3466 282 3526 Pontibus
296 3469 420 3545 exponit.
461 3470 553 3527 Multi
566 3489 675 3528 servare
688 3488 816 3527 recursus

140 3546 318 3624 Languentis
330 3547 432 3625 pelagi,
446 3552 476 3607 et
489 3549 621 3607 brevibus
635 3569 664 3607 se
678 3549 788 3607 credere
802 3547 894 3619 saltu;

140 3624 197 3684 Per
209 3647 301 3685 remos
315 3627 371 3686 alii.
408 3628 577 3720 Speculatus
590 3628 676 3686 litora
689 3628 830 3698 Tarchon

141 3704 205 3776 Qua
217 3706 289 3764 vada
301 3727 360 3765 non
373 3707 490 3784 spirant,
503 3728 555 3766 nec
568 3709 659 3766 fracta
670 3673 861 3766 remurmuiat
874 3706 959 3779 unda,

141 3783 197 3843 Sed
209 3805 286 3845 mare
299 3785 468 3844 inoffensum
482 3787 618 3845 crescenti
632 3787 729 3845 allabit
716 3791 764 3845 tur
777 3790 857 3858 11111,

140 3865 276 3924 Advertit
289 3865 384 3924 subito
397 3886 502 3942 proras,
517 3866 660 3942 sociosque
673 3870 822 3944 precatur

27 3994 42 4046 p
140 3944 264 4019 Nunc
277 3946 382 4007 electa
394 3965 503 4020 manus,
517 3945 618 4005 validis
630 3945 788 4005 incumbite
801 3943 906 4005 remis:
