2506 4298
27 3906 93 4024 ἱ

162 216 204 275 60
464 227 645 273 armornm
658 229 799 274 maome

164 372 323 432 Teniabura
334 372 418 450 pedes
432 371 509 446 olim,
520 372 706 451 vincbnaque
719 372 847 451 linguam
858 399 865 447 3

163 450 326 591 ibri&
339 456 561 591 milliari
568 453 921 592 eldd'l'llhllm’

165 611 241 671 sunt
253 616 283 670 eb
296 611 430 670 Aminaeae
442 612 524 683 vites,
537 611 699 670 firmissima
710 612 784 684 vina,

165 690 282 750 Tmolus
295 694 325 750 eb
338 691 461 769 assurgit
474 692 576 768 quibus
589 694 619 750 ab
631 711 679 750 rex
693 691 752 769 ipse
766 692 928 765 Phanaeus3

164 770 330 849 Argitisque
343 771 443 843 minor,
457 771 503 830 cui
515 791 572 830 non
585 771 813 830 amaverimus„

165 850 228 910 Auis
240 853 357 910 tantum
369 851 463 922 fluere,
476 854 527 910 aut
540 850 662 909 totidem
675 851 774 909 durare
787 871 838 928 per
851 871 948 911 annos.

165 929 235 989 Non
248 950 301 1008 ego
314 933 354 1003 bo,
366 929 410 988 dis
423 933 453 989 eb
465 930 569 988 mensis
583 933 698 1007 accepta
710 931 847 1003 secundis,

167 1009 347 1082 lhansierim,
361 1009 482 1081 Rhodia,
496 1014 526 1067 et
538 1009 665 1080 humidis,
679 1009 825 1081 Bumasie,
838 1010 964 1070 racemis.

166 1089 222 1148 Sed
234 1109 332 1167 neque,
346 1109 431 1167 quam
443 1089 541 1147 mulboe
554 1089 667 1166 species,
680 1109 740 1161 nec,
753 1089 869 1148 nomina
881 1110 945 1168 quae
959 1090 1027 1160 sini,

167 1169 224 1229 Est
236 1189 370 1227 numerus
381 1192 388 1240 3
408 1188 498 1246 neque
511 1169 587 1227 enim
599 1187 717 1226 numero
731 1170 928 1260 comprendere
940 1170 1042 1228 refert:

167 1249 259 1321 Quem
271 1248 320 1326 qui
333 1248 402 1316 scire
415 1248 493 1319 velit,
506 1247 609 1326 Libyci
620 1247 691 1307 velih
704 1268 821 1325 equoris
834 1249 910 1308 idem

166 1327 282 1387 Discere
295 1347 379 1405 quam
392 1327 492 1386 multe
506 1328 629 1405 zephyro
641 1327 794 1386 ‘sorbentur
806 1347 917 1402 arena3

165 1409 236 1479 Aue,
249 1407 299 1466 ubi
311 1406 431 1484 navigiis
443 1407 593 1466 violenbior
604 1406 706 1466 incidit
719 1427 812 1479 eurus,

166 1488 268 1558 Nosse,
281 1489 351 1564 quob
365 1485 441 1544 Ionii
453 1487 568 1545 venient
582 1487 618 1544 ad
630 1486 715 1545 libore
727 1487 840 1545 fluctus.

204 1567 268 1626 Nec
280 1587 347 1625 vero
359 1569 441 1625 berra
454 1566 526 1624 ferre
538 1585 635 1624 omnes
648 1565 744 1624 omnis
755 1569 883 1642 possunt.

167 1645 346 1706 Fluminibus
359 1645 465 1718 salices,
478 1645 631 1722 crassisque
644 1645 792 1723 paludibus
806 1645 865 1704 elni

166 1727 340 1797 Nascuntur,
354 1724 462 1783 steriles
475 1725 580 1783 saxosis
592 1724 737 1783 monbibus
751 1725 831 1796 orni;

166 1806 266 1865 Litore
278 1804 411 1883 myrbebis
424 1804 587 1875 laebissima3
607 1803 726 1881 denique
739 1807 851 1881 apertos

166 1885 296 1944 Bacchus
309 1887 387 1943 amab
400 1884 492 1955 colles,
506 1883 663 1961 aquilonem
678 1887 708 1942 cb
720 1884 826 1962 frigora
840 1884 909 1942 bari.

166 1965 268 2043 Aspice
282 1967 312 2023 eb
325 1964 457 2022 extremis
470 1963 612 2022 domitum
624 1963 779 2022 eulborihus
792 1964 898 2036 orbem,

166 2044 297 2122 ansque
310 2044 409 2102 domus
422 2043 559 2113 Arabum,
572 2042 718 2120 pictosque
731 2043 863 2102 Gelonos.

166 2122 275 2182 Divisae
288 2123 432 2182 arboribus
450 2121 568 2199 patriae:
589 2122 648 2180 sola
660 2122 745 2181 India
757 2123 873 2200 nigrum

167 2202 238 2261 Fert
251 2203 387 2274 ebenum3
408 2201 473 2259 solis
486 2206 530 2260 esi
543 2201 645 2260 thurea
657 2202 738 2279 virga
756 2202 871 2261 Sabaeis.

168 2281 243 2355 Quid
255 2281 311 2340 tibi
324 2282 440 2340 odorabo
453 2280 571 2339 reseram
584 2281 716 2340 sudantia
727 2281 807 2359 ligno

167 2362 362 2438 Balsamaque,
377 2364 406 2419 eb
419 2361 518 2419 baccas
531 2381 640 2437 semper
652 2360 809 2420 frondentis
822 2359 960 2420 acanthi?

168 2441 244 2513 Quid
256 2460 371 2499 nemora
383 2439 562 2517 AEihiopum,
575 2439 654 2498 molli
667 2442 797 2499 canentia
808 2441 896 2501 lana?

167 2520 333 2598 Velleraque
345 2523 380 2578 ut
392 2519 466 2579 foliis
479 2519 630 2596 depectant
639 2521 737 2578 tenuia
749 2520 853 2580 Seres?

168 2600 231 2658 Aue
244 2620 313 2678 quos
327 2599 439 2658 Oceano
451 2599 564 2676 propior
576 2599 651 2676 gerii
665 2599 749 2658 India
760 2601 847 2672 lucos,

169 2679 300 2738 Extremi
312 2679 390 2737 sinus
403 2679 478 2737 orbis
490 2677 504 2737 i
523 2678 573 2737 ubi
586 2686 651 2736 aera
662 2678 772 2738 vincere
785 2698 929 2737 summum

169 2759 286 2818 Arboris
298 2758 376 2817 haud
388 2757 455 2816 ullae
465 2757 546 2835 jactu
557 2761 674 2834 potuere
687 2758 811 2836 segibbae.

170 2838 212 2897 Er
225 2859 294 2916 gens
306 2838 356 2896 illa
367 2837 481 2915 quidem
494 2837 596 2895 sumtis
608 2857 667 2895 non
678 2838 761 2896 burda
773 2837 921 2916 phareiris.

169 2918 263 2977 Media
274 2919 331 2977 fert
343 2917 440 2976 brisbes
453 2937 534 2975 sucos
547 2916 717 2994 tardumque
730 2938 858 2995 saporem

172 2997 274 3056 Felicis
287 2996 371 3069 mali;
391 3016 447 3074 quo
461 3016 518 3055 non
531 2996 695 3073 praesentius
708 2997 807 3069 ullum,

171 3076 278 3136 Pocula
289 3076 314 3135 si
327 3076 438 3154 quando
451 3095 530 3134 saeve
542 3075 661 3134 infecere
673 3096 807 3147 noverca,

173 3155 416 3234 [Miscueruanue
429 3154 530 3214 herbas
543 3157 574 3213 et
585 3175 644 3214 non
655 3154 771 3214 innoxia
779 3155 886 3232 verba]

171 3235 319 3294 Auxilium
331 3235 418 3306 venii,
432 3254 464 3294 ac
477 3233 611 3292 membris
628 3234 690 3312 agii
703 3237 766 3294 abrs
778 3255 894 3294 venena.

171 3314 241 3392 Ipsa
252 3315 352 3392 ingens
366 3315 456 3386 arbos,
469 3314 623 3391 faciemque
636 3313 780 3373 simillima
792 3314 888 3387 lanro;

171 3394 222 3467 Et,
235 3394 260 3452 si
272 3414 330 3452 non
343 3393 431 3451 alium
441 3393 499 3452 labe
508 3393 630 3470 jactaret
643 3393 765 3466 odorem,

171 3473 281 3532 Laurus
294 3475 355 3532 erat
367 3497 373 3544 ;
392 3472 460 3531 folia
470 3472 548 3532 haud
560 3472 625 3531 ullis
637 3472 761 3532 labentia
772 3473 882 3544 veniis3

172 3553 240 3612 Flos
250 3553 287 3611 ad
298 3551 391 3631 prima
401 3555 504 3623 benax;
523 3551 631 3610 animas
644 3555 674 3610 eb
688 3552 793 3611 olenbia
805 3553 886 3611 Medi

173 3633 230 3692 Ora
242 3632 340 3691 sovenb
353 3630 411 3702 illo,
424 3633 455 3690 eb
468 3630 580 3691 senibus
593 3631 770 3690 medicanbm
782 3632 899 3691 anhelis

211 3712 268 3772 Sed
279 3731 370 3788 neque
383 3709 544 3781 Medorum,
557 3709 636 3768 silvae
649 3710 796 3783 ditissima,
808 3715 893 3784 berra,

171 3792 234 3853 Nec
247 3791 364 3871 pulcher
377 3789 501 3867 Ganges,
514 3791 600 3866 abque
612 3809 680 3848 auro
692 3791 824 3850 turbidus
837 3792 973 3864 Hermus,

170 3871 317 3932 Laudibus
330 3868 423 3929 Italia
435 3870 562 3941 cerbenb3
581 3888 640 3928 non
652 3869 766 3943 Brome,
775 3891 866 3948 neque
879 3871 955 3945 Indi,

163 3951 297 4034 Totaque
310 3948 459 4013 ehurr'feris
473 3947 619 4011 Panchaia
627 3947 743 4029 pirgus
754 3950 854 4010 arenis.
