2506 4298
153 253 213 313 864
455 266 637 311 amaran
649 267 791 310 1111101110

155 410 198 467 Et
211 430 277 468 cum
290 409 377 469 fratre
391 409 486 483 Coras,
499 410 566 469 latis
579 410 731 468 diffundite
744 409 859 486 campis.

153 488 226 549 Pars
239 490 333 548 aditus
346 490 424 548 urbis
439 491 554 549 firment
567 493 714 567 turresque
728 492 889 567 capessant:

155 569 265 643 Cetera,
279 589 334 647 qua
342 570 431 648 jusso,
444 590 557 628 mecum
570 590 671 628 manus
684 570 787 628 inferat
801 569 907 627 arma.”

155 649 240 707 Ilicet
252 649 283 707 in
296 670 392 709 muros
405 652 470 707 tota
482 649 649 708 discurritur
662 650 740 708 urbe.

155 728 314 787 Concilium
326 729 387 806 ipse
399 732 481 806 pater
494 731 523 787 et
537 749 641 806 magna
653 729 767 807 incepta
780 728 902 787 Latinus

156 807 280 880 Deserit,
293 828 326 866 ac
339 809 418 867 tristi
430 809 565 866 turbatus
578 815 707 886 tempore
720 809 833 880 differt3

155 887 308 964 Multaque
321 908 351 946 se
363 887 484 960 incusat,
499 888 547 963 qui
560 909 618 947 non
631 884 770 965 acceperit
783 888 860 946 ultro

155 966 333 1026 Dardanium
346 967 466 1038 AEnean,
480 988 672 1045 generumque
685 968 835 1026 adsciverit
849 967 921 1026 urbi.

155 1046 334 1105 Praefodiunt
347 1047 394 1104 alii
407 1050 512 1123 portas,
526 1051 576 1105 aut
590 1068 657 1105 saxa
669 1048 807 1125 sudesque

155 1125 340 1184 Subvcctant.
381 1126 463 1185 Bello
477 1126 527 1184 dat
541 1127 655 1205 signum
668 1147 753 1186 rauca
766 1129 916 1186 cruentum

155 1205 291 1264 Buccina.
332 1205 408 1263 Tum
421 1226 517 1265 muros
530 1196 612 1265 varia?
620 1207 731 1266 cinxere
745 1197 856 1266 0010111

155 1285 301 1344 Matronae
313 1286 465 1362 puerique;
485 1289 569 1344 vocat
582 1287 662 1346 labor
675 1287 794 1345 ultimus
808 1306 914 1345 omnes.

155 1365 218 1422 Nec
231 1385 289 1422 non
302 1365 339 1422 ad
350 1366 492 1442 templum
506 1386 686 1444 summasque
699 1367 736 1424 ad
748 1366 873 1424 Palladis
886 1386 962 1424 areos

156 1444 331 1502 subvehitur
344 1435 449 1522 magni
461 1449 588 1503 matrum
600 1447 699 1523 regina
712 1435 834 1518 0010111,

155 1523 241 1582 Dona
253 1524 362 1596 serens3
378 1525 517 1603 juxtaque
530 1545 624 1584 comes
638 1525 759 1584 Lavinia
770 1526 861 1604 virge,

156 1602 248 1661 Causa
261 1604 329 1662 mali
341 1605 426 1676 tanti,
440 1605 535 1664 oculos
549 1605 658 1683 dejecta
671 1606 793 1664 decoros.

156 1682 318 1742 Succedunt
330 1687 445 1755 matres,
459 1689 489 1743 et
502 1686 643 1762 templum
657 1685 742 1744 thure
755 1688 902 1763 vaporant,

155 1763 198 1822 Et
211 1767 326 1822 maestas
339 1765 398 1823 alto
411 1764 536 1822 fundunt
550 1765 584 1823 de
593 1765 691 1823 limine
704 1785 804 1825 voces:

155 1843 375 1920 “Armipotens
388 1864 491 1921 praeses
503 1844 579 1916 belli,
593 1845 724 1903 Tritonia
736 1845 826 1922 virgo,

156 1921 270 2000 Frange
284 1943 371 1981 manu
383 1924 474 1982 telum
488 1925 610 2002 Phrygii
623 1925 774 2002 praedonis,
788 1929 818 1983 et
830 1924 925 2002 ipsum

156 2001 285 2061 Pronum
298 2007 393 2062 sterne
406 2004 474 2077 solo,
488 2004 633 2082 portisque
647 2005 759 2062 effundo
772 2006 825 2063 sub
839 2005 934 2064 altis.'’

156 2081 291 2160 Cingitur
303 2083 363 2160 ipse
377 2084 472 2141 furens
486 2085 618 2142 certatim
631 2084 661 2142 in
674 2084 774 2161 proelia
786 2084 910 2143 Turnus.

157 2161 280 2238 Jamque
294 2164 363 2221 adeo
377 2162 521 2221 Rutulum
535 2164 653 2223 thoraca
665 2164 783 2222 indutus
797 2164 894 2222 ahenis

156 2242 302 2300 Horrebat
317 2243 449 2319 squamis,
463 2264 598 2320 surasque
610 2244 763 2302 incluserat
777 2264 855 2315 auro,

156 2321 296 2398 Tempora
310 2322 403 2379 nudus
417 2322 526 2394 adhuc;
545 2323 683 2398 laterique
697 2324 856 2382 accinxerat
869 2344 962 2382 ensem
974 2350 981 2395 ς

157 2401 355 2477 Fulgebatque
369 2388 431 2459 alta*
441 2402 590 2460 decurrens
605 2423 704 2460 aureus
719 2423 797 2474 arce;

156 2480 349 2558 Exsultatque
362 2481 472 2553 animis,
486 2484 516 2539 et
530 2502 578 2558 spe
588 2482 650 2559 jam
662 2483 790 2561 praecipit
803 2483 924 2542 hostem.

156 2560 254 2632 Qualis
267 2562 317 2619 ubi
331 2561 460 2639 abruptis
473 2561 549 2639 fugit
562 2562 696 2638 praesepia
709 2563 810 2620 vinclis

156 2640 285 2698 Tandem
297 2641 369 2699 liber
382 2661 478 2717 equus,
493 2662 647 2719 campoque
660 2642 772 2719 potitus
786 2646 884 2720 aperto

155 2720 218 2777 Aut
231 2720 278 2778 ille
292 2720 434 2798 inpastus
448 2726 632 2798 armentaque
646 2722 741 2780 tendit
755 2742 900 2797 equarum,

156 2799 220 2858 Aut
233 2805 362 2860 assuetus
377 2821 456 2877 aquae
470 2802 601 2878 perfundi
614 2802 731 2859 flumine
745 2807 815 2860 noto

156 2880 281 2952 Emicat,
295 2881 466 2958 arrectisque
479 2882 575 2940 fremit
590 2882 744 2939 cervicibus
758 2881 815 2939 alte

157 2959 318 3019 Luxuriam
330 2986 337 3032 3
356 2961 515 3038 luduntque
524 2962 601 3039 jubae
615 2981 664 3038 per
678 2961 756 3035 colla,
770 2981 820 3037 per
833 2981 934 3021 armos.

157 3039 250 3101 Obvia
263 3040 317 3112 cui,
330 3040 498 3099 Volscorum
512 3041 570 3099 acie
584 3041 748 3111 comitante,
763 3039 882 3099 Camilla

157 3118 298 3191 Occurrit,
311 3120 457 3197 portisque
471 3121 506 3178 ab
520 3141 591 3197 equo
605 3121 704 3197 regina
717 3120 769 3179 sub
782 3120 851 3197 ipsis

156 3197 299 3271 Desiluit;
319 3220 405 3277 quam
417 3204 482 3258 tota
495 3201 596 3259 cohors
608 3200 723 3262 imitata
735 3200 842 3258 relictis

156 3278 205 3341 Ad
217 3281 323 3337 terram
337 3279 455 3341 defluxit
469 3280 565 3356 equis;
585 3283 648 3339 tum
663 3279 733 3341 talia
745 3280 838 3337 fatur:

156 3361 174 3389 “
183 3357 287 3430 Turne,
301 3359 346 3418 sui
359 3359 461 3421 11101110
475 3359 499 3417 si
513 3363 625 3440 quaest
639 3359 743 3418 fiducia
755 3359 832 3431 sorti,

156 3435 257 3499 Audeo
271 3441 301 3497 01
315 3437 475 3499 AEneadum
488 3439 627 3516 promitto
640 3459 785 3499 occurrere
797 3442 909 3518 turma,

156 3513 277 3593 Solaque
291 3517 454 3595 Tyrrhenos
469 3519 578 3596 equites
591 3519 631 3577 ire
645 3519 729 3579 obvia
742 3522 851 3579 contra.

156 3595 208 3658 Ma
222 3596 282 3656 sine
294 3597 387 3674 prima
399 3619 487 3660 manu
500 3601 612 3658 tentare
625 3599 749 3676 pericula
762 3598 844 3657 belli:

156 3674 203 3733 Tu
215 3677 300 3755 pedes
314 3677 351 3734 ad
363 3697 459 3737 muros
474 3678 605 3749 subsiste,
620 3682 650 3738 et
663 3679 769 3736 moenia
782 3677 892 3741 serva·'’

155 3754 270 3819 Turnus
284 3756 402 3829 adhaec,
416 3758 527 3816 occulos
540 3758 682 3816 horrenda
694 3758 725 3816 in
738 3758 849 3836 virgine
863 3756 953 3819 fixus:

155 3839 174 3868 ‘⁴
181 3835 208 3897 Ο
222 3836 308 3899 decus
323 3835 415 3901 ltalia
427 3838 518 3916 virgo,
532 3857 601 3914 quas
615 3838 707 3896 dicere
720 3841 824 3915 grates,

147 3917 265 3994 Quosve
277 3919 386 3983 referre
400 3915 520 4000 paremi
543 3918 595 3978 sed
603 3937 693 3988 nunc,
703 3921 748 3975 est
758 3917 855 3976 omnia
864 3918 976 3992 quando

138 4001 209 4066 Istc
223 4004 344 4069 animus
359 4023 462 4087 supra,
473 4020 593 4063 mecum
601 3997 713 4079 partire
718 3995 859 4054 laborem·
