<?xml version="1.0" encoding="UTF-8"?>
<!DOCTYPE html PUBLIC "-//W3C//DTD XHTML 1.0 Transitional//EN"
    "http://www.w3.org/TR/xhtml1/DTD/xhtml1-transitional.dtd">
<html xmlns="http://www.w3.org/1999/xhtml" xml:lang="en" lang="en">
 <head>
  <title>
</title>
<meta http-equiv="Content-Type" content="text/html;charset=utf-8" />
  <meta name='ocr-system' content='tesseract 3.04.00' />
  <meta name='ocr-capabilities' content='ocr_page ocr_carea ocr_par ocr_line ocrx_word'/>
</head>
<body>
  <div class='ocr_page' id='page_1' title='image "./workspubliusvir00thomgoog_0189.png"; bbox 0 0 2506 4298; ppageno 0'>
   <div class='ocr_carea' id='block_1_1' title="bbox 129 219 806 278">
    <p class='ocr_par' dir='ltr' id='par_1_1' title="bbox 129 219 806 278">
     <span class='ocr_line' id='line_1_1' title="bbox 129 219 806 278; baseline -0.003 0"><span class='ocrx_word' id='word_1_1' title='bbox 129 228 134 234; x_wconf 87' lang='lat'>&#39;</span> <span class='ocrx_word' id='word_1_2' title='bbox 167 219 224 278; x_wconf 83' lang='lat'>152</span> <span class='ocrx_word' id='word_1_3' title='bbox 470 237 498 278; x_wconf 81' lang='lat' dir='ltr'>r.</span> <span class='ocrx_word' id='word_1_4' title='bbox 512 234 652 278; x_wconf 76' lang='lat' dir='ltr'>naemu</span> <span class='ocrx_word' id='word_1_5' title='bbox 665 233 806 278; x_wconf 76' lang='lat' dir='ltr'>molus</span> 
     </span>
    </p>
   </div>
   <div class='ocr_carea' id='block_1_2' title="bbox 160 376 1000 2266">
    <p class='ocr_par' dir='ltr' id='par_1_2' title="bbox 165 376 943 1012">
     <span class='ocr_line' id='line_1_2' title="bbox 167 376 913 448; baseline 0.001 -15"><span class='ocrx_word' id='word_1_6' title='bbox 167 376 227 435; x_wconf 93' lang='lat' dir='ltr'>Hic</span> <span class='ocrx_word' id='word_1_7' title='bbox 241 376 326 448; x_wconf 87' lang='lat' dir='ltr'>canit,</span> <span class='ocrx_word' id='word_1_8' title='bbox 340 379 370 436; x_wconf 87' lang='lat' dir='ltr'>et</span> <span class='ocrx_word' id='word_1_9' title='bbox 383 380 435 435; x_wconf 86' lang='lat' dir='ltr'>tna</span> <span class='ocrx_word' id='word_1_10' title='bbox 447 397 499 435; x_wconf 88' lang='lat' dir='ltr'>nos</span> <span class='ocrx_word' id='word_1_11' title='bbox 512 397 548 436; x_wconf 85' lang='lat' dir='ltr'>en</span> <span class='ocrx_word' id='word_1_12' title='bbox 560 377 637 436; x_wconf 88' lang='lat' dir='ltr'>ultro</span> <span class='ocrx_word' id='word_1_13' title='bbox 651 377 687 436; x_wconf 90' lang='lat' dir='ltr'>ad</span> <span class='ocrx_word' id='word_1_14' title='bbox 698 377 798 435; x_wconf 88' lang='lat' dir='ltr'>limina</span> <span class='ocrx_word' id='word_1_15' title='bbox 810 377 913 436; x_wconf 84' lang='lat' dir='ltr'>mittit.</span> 
     </span>
     <span class='ocr_line' id='line_1_3' title="bbox 167 456 898 533; baseline 0.001 -19"><span class='ocrx_word' id='word_1_16' title='bbox 167 457 231 515; x_wconf 88' lang='lat' dir='ltr'>Nos</span> <span class='ocrx_word' id='word_1_17' title='bbox 244 459 282 528; x_wconf 85' lang='lat' dir='ltr'>te,</span> <span class='ocrx_word' id='word_1_18' title='bbox 298 456 442 514; x_wconf 88' lang='lat' dir='ltr'>Dardania</span> <span class='ocrx_word' id='word_1_19' title='bbox 454 457 576 527; x_wconf 89' lang='lat' dir='ltr'>incensa,</span> <span class='ocrx_word' id='word_1_20' title='bbox 589 461 695 533; x_wconf 90' lang='lat' dir='ltr'>tuaque</span> <span class='ocrx_word' id='word_1_21' title='bbox 708 457 898 528; x_wconf 66' lang='lat' dir='ltr'>armamenti,</span> 
     </span>
     <span class='ocr_line' id='line_1_4' title="bbox 167 535 916 614; baseline 0 -20"><span class='ocrx_word' id='word_1_22' title='bbox 167 536 231 594; x_wconf 89' lang='lat' dir='ltr'>Nos</span> <span class='ocrx_word' id='word_1_23' title='bbox 243 535 389 594; x_wconf 89' lang='lat' dir='ltr'>tumidum</span> <span class='ocrx_word' id='word_1_24' title='bbox 401 537 455 594; x_wconf 89' lang='lat' dir='ltr'>sub</span> <span class='ocrx_word' id='word_1_25' title='bbox 468 539 498 594; x_wconf 84' lang='lat' dir='ltr'>te</span> <span class='ocrx_word' id='word_1_26' title='bbox 511 537 651 614; x_wconf 90' lang='lat' dir='ltr'>permensi</span> <span class='ocrx_word' id='word_1_27' title='bbox 664 536 799 595; x_wconf 81' lang='lat' dir='ltr'>classibus</span> <span class='ocrx_word' id='word_1_28' title='bbox 811 556 916 613; x_wconf 86' lang='lat' dir='ltr'>aeqnor,</span> 
     </span>
     <span class='ocr_line' id='line_1_5' title="bbox 166 615 816 693; baseline 0.003 -21"><span class='ocrx_word' id='word_1_29' title='bbox 166 615 250 674; x_wconf 90' lang='lat' dir='ltr'>Idem</span> <span class='ocrx_word' id='word_1_30' title='bbox 262 618 398 674; x_wconf 82' lang='lat' dir='ltr'>venturos</span> <span class='ocrx_word' id='word_1_31' title='bbox 411 616 544 674; x_wconf 88' lang='lat' dir='ltr'>tollemus</span> <span class='ocrx_word' id='word_1_32' title='bbox 556 615 588 674; x_wconf 93' lang='lat' dir='ltr'>in</span> <span class='ocrx_word' id='word_1_33' title='bbox 601 618 678 674; x_wconf 84' lang='lat' dir='ltr'>astra</span> <span class='ocrx_word' id='word_1_34' title='bbox 690 619 816 693; x_wconf 87' lang='lat' dir='ltr'>nepotes,</span> 
     </span>
     <span class='ocr_line' id='line_1_6' title="bbox 166 694 935 773; baseline 0 -21"><span class='ocrx_word' id='word_1_35' title='bbox 166 694 378 773; x_wconf 85' lang='lat' dir='ltr'>Imperiumque</span> <span class='ocrx_word' id='word_1_36' title='bbox 391 696 455 754; x_wconf 90' lang='lat' dir='ltr'>urbi</span> <span class='ocrx_word' id='word_1_37' title='bbox 468 695 607 754; x_wconf 78' lang='lat' dir='ltr'><strong>dabimus.</strong></span> <span class='ocrx_word' id='word_1_38' title='bbox 648 695 693 754; x_wconf 85' lang='lat' dir='ltr'>Tu</span> <span class='ocrx_word' id='word_1_39' title='bbox 706 695 811 754; x_wconf 89' lang='lat' dir='ltr'>moenia</span> <span class='ocrx_word' id='word_1_40' title='bbox 824 695 935 773; x_wconf 88' lang='lat' dir='ltr'>magnis</span> 
     </span>
     <span class='ocr_line' id='line_1_7' title="bbox 166 774 943 852; baseline 0.001 -21"><span class='ocrx_word' id='word_1_41' title='bbox 166 774 276 852; x_wconf 87' lang='lat' dir='ltr'>Magna</span> <span class='ocrx_word' id='word_1_42' title='bbox 287 794 363 852; x_wconf 84' lang='lat' dir='ltr'>para,</span> <span class='ocrx_word' id='word_1_43' title='bbox 375 774 550 852; x_wconf 89' lang='lat' dir='ltr'>longumque</span> <span class='ocrx_word' id='word_1_44' title='bbox 563 775 639 852; x_wconf 84' lang='lat' dir='ltr'>fugae</span> <span class='ocrx_word' id='word_1_45' title='bbox 653 795 689 833; x_wconf 89' lang='lat' dir='ltr'>ne</span> <span class='ocrx_word' id='word_1_46' title='bbox 701 775 797 852; x_wconf 86' lang='lat' dir='ltr'>linque</span> <span class='ocrx_word' id='word_1_47' title='bbox 809 774 943 834; x_wconf 85' lang='lat' dir='ltr'>laborem.</span> 
     </span>
     <span class='ocr_line' id='line_1_8' title="bbox 165 853 867 914; baseline 0.001 -2"><span class='ocrx_word' id='word_1_48' title='bbox 165 853 316 912; x_wconf 81' lang='lat' dir='ltr'>Mutandae</span> <span class='ocrx_word' id='word_1_49' title='bbox 329 854 417 913; x_wconf 87' lang='lat' dir='ltr'>sedes.</span> <span class='ocrx_word' id='word_1_50' title='bbox 457 855 527 913; x_wconf 88' lang='lat' dir='ltr'>Non</span> <span class='ocrx_word' id='word_1_51' title='bbox 538 854 600 913; x_wconf 86' lang='lat' dir='ltr'>haec</span> <span class='ocrx_word' id='word_1_52' title='bbox 613 854 668 912; x_wconf 91' lang='lat' dir='ltr'>tibi</span> <span class='ocrx_word' id='word_1_53' title='bbox 679 855 765 914; x_wconf 89' lang='lat' dir='ltr'>litora</span> <span class='ocrx_word' id='word_1_54' title='bbox 777 854 867 913; x_wconf 90' lang='lat' dir='ltr'>suasit</span> 
     </span>
     <span class='ocr_line' id='line_1_9' title="bbox 165 933 832 1012; baseline 0.003 -21"><span class='ocrx_word' id='word_1_55' title='bbox 165 933 274 1006; x_wconf 90' lang='lat' dir='ltr'>Delius,</span> <span class='ocrx_word' id='word_1_56' title='bbox 288 936 339 991; x_wconf 85' lang='lat' dir='ltr'>aut</span> <span class='ocrx_word' id='word_1_57' title='bbox 352 933 444 993; x_wconf 81' lang='lat' dir='ltr'>Oretae</span> <span class='ocrx_word' id='word_1_58' title='bbox 454 934 542 1012; x_wconf 89' lang='lat' dir='ltr'>jussit</span> <span class='ocrx_word' id='word_1_59' title='bbox 555 933 706 1007; x_wconf 87' lang='lat' dir='ltr'>considere,</span> <span class='ocrx_word' id='word_1_60' title='bbox 719 934 832 1011; x_wconf 87' lang='lat' dir='ltr'><strong>Apollo.</strong></span> 
     </span>
    </p>

    <p class='ocr_par' dir='ltr' id='par_1_3' title="bbox 164 1012 930 1330">
     <span class='ocr_line' id='line_1_10' title="bbox 166 1012 908 1091; baseline 0.003 -21"><span class='ocrx_word' id='word_1_61' title='bbox 166 1012 222 1071; x_wconf 82' lang='lat' dir='ltr'>Est</span> <span class='ocrx_word' id='word_1_62' title='bbox 235 1013 322 1084; x_wconf 86' lang='lat' dir='ltr'>locus,</span> <span class='ocrx_word' id='word_1_63' title='bbox 335 1013 505 1091; x_wconf 78' lang='lat' dir='ltr'>Hesperiam</span> <span class='ocrx_word' id='word_1_64' title='bbox 519 1012 599 1072; x_wconf 81' lang='lat' dir='ltr'>Graii</span> <span class='ocrx_word' id='word_1_65' title='bbox 612 1014 779 1091; x_wconf 83' lang='lat' dir='ltr'>cognomine</span> <span class='ocrx_word' id='word_1_66' title='bbox 792 1013 908 1072; x_wconf 91' lang='lat' dir='ltr'>dicunt:</span> 
     </span>
     <span class='ocr_line' id='line_1_11' title="bbox 165 1092 930 1171; baseline 0.003 -21"><span class='ocrx_word' id='word_1_67' title='bbox 165 1092 254 1150; x_wconf 86' lang='lat' dir='ltr'>Terra</span> <span class='ocrx_word' id='word_1_68' title='bbox 265 1093 391 1170; x_wconf 90' lang='lat' dir='ltr'>antiqua,</span> <span class='ocrx_word' id='word_1_69' title='bbox 403 1096 505 1171; x_wconf 89' lang='lat' dir='ltr'>potens</span> <span class='ocrx_word' id='word_1_70' title='bbox 518 1092 612 1164; x_wconf 87' lang='lat' dir='ltr'>armis,</span> <span class='ocrx_word' id='word_1_71' title='bbox 626 1096 711 1170; x_wconf 88' lang='lat' dir='ltr'>atque</span> <span class='ocrx_word' id='word_1_72' title='bbox 724 1094 810 1152; x_wconf 91' lang='lat' dir='ltr'>ubere</span> <span class='ocrx_word' id='word_1_73' title='bbox 823 1093 930 1171; x_wconf 80' lang='lat' dir='ltr'>glebae3</span> 
     </span>
     <span class='ocr_line' id='line_1_12' title="bbox 164 1171 814 1245; baseline 0.005 -16"><span class='ocrx_word' id='word_1_74' title='bbox 164 1172 281 1230; x_wconf 87' lang='lat' dir='ltr'>OEnotri</span> <span class='ocrx_word' id='word_1_75' title='bbox 293 1172 402 1232; x_wconf 90' lang='lat' dir='ltr'>coluere</span> <span class='ocrx_word' id='word_1_76' title='bbox 415 1172 485 1245; x_wconf 87' lang='lat' dir='ltr'>viri;</span> <span class='ocrx_word' id='word_1_77' title='bbox 505 1193 581 1231; x_wconf 93' lang='lat' dir='ltr'>nunc</span> <span class='ocrx_word' id='word_1_78' title='bbox 594 1172 677 1245; x_wconf 87' lang='lat' dir='ltr'>fama,</span> <span class='ocrx_word' id='word_1_79' title='bbox 691 1171 814 1232; x_wconf 88' lang='lat' dir='ltr'>minores</span> 
     </span>
     <span class='ocr_line' id='line_1_13' title="bbox 164 1250 803 1330; baseline 0.002 -21"><span class='ocrx_word' id='word_1_80' title='bbox 164 1250 281 1310; x_wconf 86' lang='lat' dir='ltr'>Italiam</span> <span class='ocrx_word' id='word_1_81' title='bbox 294 1251 396 1311; x_wconf 75' lang='lat' dir='ltr'>dixisse</span> <span class='ocrx_word' id='word_1_82' title='bbox 409 1252 488 1310; x_wconf 89' lang='lat' dir='ltr'>ducis</span> <span class='ocrx_word' id='word_1_83' title='bbox 501 1251 536 1310; x_wconf 92' lang='lat' dir='ltr'>de</span> <span class='ocrx_word' id='word_1_84' title='bbox 549 1252 664 1328; x_wconf 91' lang='lat' dir='ltr'>nomine</span> <span class='ocrx_word' id='word_1_85' title='bbox 677 1255 803 1330; x_wconf 86' lang='lat' dir='ltr'>gentem.</span> 
     </span>
    </p>

    <p class='ocr_par' dir='ltr' id='par_1_4' title="bbox 162 1330 1000 1800">
     <span class='ocr_line' id='line_1_14' title="bbox 164 1330 915 1409; baseline 0.004 -22"><span class='ocrx_word' id='word_1_86' title='bbox 164 1330 223 1390; x_wconf 80' lang='lat' dir='ltr'>Ha</span> <span class='ocrx_word' id='word_1_87' title='bbox 237 1331 319 1390; x_wconf 94' lang='lat' dir='ltr'>nobis</span> <span class='ocrx_word' id='word_1_88' title='bbox 331 1332 451 1409; x_wconf 87' lang='lat' dir='ltr'>propriae</span> <span class='ocrx_word' id='word_1_89' title='bbox 465 1332 560 1405; x_wconf 83' lang='lat' dir='ltr'>sedes3</span> <span class='ocrx_word' id='word_1_90' title='bbox 580 1331 647 1390; x_wconf 95' lang='lat' dir='ltr'>hinc</span> <span class='ocrx_word' id='word_1_91' title='bbox 661 1331 813 1390; x_wconf 88' lang='lat' dir='ltr'>Dardanus</span> <span class='ocrx_word' id='word_1_92' title='bbox 826 1333 915 1403; x_wconf 85' lang='lat' dir='ltr'>ortus,</span> 
     </span>
     <span class='ocr_line' id='line_1_15' title="bbox 163 1409 910 1489; baseline 0.003 -22"><span class='ocrx_word' id='word_1_93' title='bbox 163 1409 311 1488; x_wconf 87' lang='lat' dir='ltr'>Iasiusque</span> <span class='ocrx_word' id='word_1_94' title='bbox 324 1414 414 1489; x_wconf 85' lang='lat' dir='ltr'>pater,</span> <span class='ocrx_word' id='word_1_95' title='bbox 427 1431 518 1488; x_wconf 91' lang='lat' dir='ltr'>genus</span> <span class='ocrx_word' id='word_1_96' title='bbox 531 1431 549 1469; x_wconf 87' lang='lat' dir='ltr'>a</span> <span class='ocrx_word' id='word_1_97' title='bbox 561 1431 618 1487; x_wconf 92' lang='lat' dir='ltr'>quo</span> <span class='ocrx_word' id='word_1_98' title='bbox 631 1410 757 1489; x_wconf 80' lang='lat' dir='ltr'>principe</span> <span class='ocrx_word' id='word_1_99' title='bbox 769 1414 910 1470; x_wconf 85' lang='lat' dir='ltr'>nostrum.</span> 
     </span>
     <span class='ocr_line' id='line_1_16' title="bbox 163 1488 901 1568; baseline 0.001 -21"><span class='ocrx_word' id='word_1_100' title='bbox 163 1488 255 1568; x_wconf 87' lang='lat' dir='ltr'>Surge</span> <span class='ocrx_word' id='word_1_101' title='bbox 268 1511 329 1568; x_wconf 85' lang='lat' dir='ltr'>age,</span> <span class='ocrx_word' id='word_1_102' title='bbox 342 1495 373 1550; x_wconf 90' lang='lat' dir='ltr'>et</span> <span class='ocrx_word' id='word_1_103' title='bbox 385 1492 447 1550; x_wconf 87' lang='lat' dir='ltr'>haec</span> <span class='ocrx_word' id='word_1_104' title='bbox 459 1491 544 1550; x_wconf 84' lang='lat' dir='ltr'>laetus</span> <span class='ocrx_word' id='word_1_105' title='bbox 556 1491 686 1568; x_wconf 83' lang='lat' dir='ltr'>longaevo</span> <span class='ocrx_word' id='word_1_106' title='bbox 700 1491 777 1550; x_wconf 90' lang='lat' dir='ltr'>diota</span> <span class='ocrx_word' id='word_1_107' title='bbox 789 1490 901 1568; x_wconf 85' lang='lat' dir='ltr'>parenti</span> 
     </span>
     <span class='ocr_line' id='line_1_17' title="bbox 162 1569 1000 1648; baseline -0.001 -21"><span class='ocrx_word' id='word_1_108' title='bbox 162 1569 253 1628; x_wconf 90' lang='lat' dir='ltr'>Haud</span> <span class='ocrx_word' id='word_1_109' title='bbox 266 1570 423 1630; x_wconf 83' lang='lat' dir='ltr'>dubitanda</span> <span class='ocrx_word' id='word_1_110' title='bbox 434 1571 522 1630; x_wconf 87' lang='lat' dir='ltr'>refer:</span> <span class='ocrx_word' id='word_1_111' title='bbox 544 1570 706 1648; x_wconf 77' lang='lat' dir='ltr'>Corythum</span> <span class='ocrx_word' id='word_1_112' title='bbox 717 1573 863 1648; x_wconf 84' lang='lat' dir='ltr'>terrasque</span> <span class='ocrx_word' id='word_1_113' title='bbox 875 1569 1000 1648; x_wconf 87' lang='lat' dir='ltr'>requirat</span> 
     </span>
     <span class='ocr_line' id='line_1_18' title="bbox 162 1649 863 1728; baseline 0.003 -22"><span class='ocrx_word' id='word_1_114' title='bbox 162 1649 314 1709; x_wconf 85' lang='lat' dir='ltr'>Ausonias.</span> <span class='ocrx_word' id='word_1_115' title='bbox 354 1650 467 1709; x_wconf 85' lang='lat' dir='ltr'>Dictaea</span> <span class='ocrx_word' id='word_1_116' title='bbox 479 1652 567 1728; x_wconf 88' lang='lat' dir='ltr'>negat</span> <span class='ocrx_word' id='word_1_117' title='bbox 579 1649 635 1708; x_wconf 91' lang='lat' dir='ltr'>tibi</span> <span class='ocrx_word' id='word_1_118' title='bbox 648 1649 765 1727; x_wconf 82' lang='lat' dir='ltr'>Jupiter</span> <span class='ocrx_word' id='word_1_119' title='bbox 778 1650 863 1708; x_wconf 80' lang='lat' dir='ltr'>arva’</span> 
     </span>
     <span class='ocr_line' id='line_1_19' title="bbox 163 1727 821 1800; baseline 0.003 -15"><span class='ocrx_word' id='word_1_120' title='bbox 163 1727 279 1788; x_wconf 81' lang='lat' dir='ltr'>Talibus</span> <span class='ocrx_word' id='word_1_121' title='bbox 293 1730 434 1789; x_wconf 90' lang='lat' dir='ltr'>attonitus</span> <span class='ocrx_word' id='word_1_122' title='bbox 447 1729 515 1788; x_wconf 88' lang='lat' dir='ltr'>visis</span> <span class='ocrx_word' id='word_1_123' title='bbox 529 1750 561 1788; x_wconf 90' lang='lat' dir='ltr'>ac</span> <span class='ocrx_word' id='word_1_124' title='bbox 573 1749 642 1789; x_wconf 83' lang='lat' dir='ltr'>voce</span> <span class='ocrx_word' id='word_1_125' title='bbox 656 1729 821 1800; x_wconf 87' lang='lat' dir='ltr'>deorum,—</span> 
     </span>
    </p>

    <p class='ocr_par' dir='ltr' id='par_1_5' title="bbox 161 1808 958 2126">
     <span class='ocr_line' id='line_1_20' title="bbox 162 1808 958 1887; baseline 0.004 -22"><span class='ocrx_word' id='word_1_126' title='bbox 162 1808 225 1867; x_wconf 88' lang='lat' dir='ltr'>Nec</span> <span class='ocrx_word' id='word_1_127' title='bbox 239 1829 322 1886; x_wconf 92' lang='lat' dir='ltr'>sopor</span> <span class='ocrx_word' id='word_1_128' title='bbox 334 1809 408 1868; x_wconf 89' lang='lat' dir='ltr'>illud</span> <span class='ocrx_word' id='word_1_129' title='bbox 420 1812 498 1881; x_wconf 83' lang='lat' dir='ltr'>erat3</span> <span class='ocrx_word' id='word_1_130' title='bbox 519 1810 568 1868; x_wconf 90' lang='lat' dir='ltr'>sed</span> <span class='ocrx_word' id='word_1_131' title='bbox 581 1829 676 1869; x_wconf 86' lang='lat' dir='ltr'>coram</span> <span class='ocrx_word' id='word_1_132' title='bbox 689 1829 839 1887; x_wconf 80' lang='lat' dir='ltr'>agnoscere</span> <span class='ocrx_word' id='word_1_133' title='bbox 852 1809 958 1880; x_wconf 84' lang='lat' dir='ltr'>vultus,</span> 
     </span>
     <span class='ocr_line' id='line_1_21' title="bbox 162 1887 873 1967; baseline 0.003 -23"><span class='ocrx_word' id='word_1_134' title='bbox 162 1887 332 1965; x_wconf 86' lang='lat' dir='ltr'>Velatasque</span> <span class='ocrx_word' id='word_1_135' title='bbox 346 1909 449 1962; x_wconf 86' lang='lat' dir='ltr'>comas,</span> <span class='ocrx_word' id='word_1_136' title='bbox 462 1888 667 1967; x_wconf 74' lang='lat' dir='ltr'>praesentiaque</span> <span class='ocrx_word' id='word_1_137' title='bbox 681 1909 730 1946; x_wconf 87' lang='lat' dir='ltr'>ora</span> <span class='ocrx_word' id='word_1_138' title='bbox 742 1888 873 1961; x_wconf 82' lang='lat' dir='ltr'>videbar3</span> 
     </span>
     <span class='ocr_line' id='line_1_22' title="bbox 161 1966 867 2046; baseline 0.001 -21"><span class='ocrx_word' id='word_1_139' title='bbox 161 1966 236 2025; x_wconf 74' lang='lat' dir='ltr'>Tum</span> <span class='ocrx_word' id='word_1_140' title='bbox 250 1969 361 2046; x_wconf 90' lang='lat' dir='ltr'>gelidus</span> <span class='ocrx_word' id='word_1_141' title='bbox 372 1972 437 2028; x_wconf 88' lang='lat' dir='ltr'>toto</span> <span class='ocrx_word' id='word_1_142' title='bbox 450 1969 585 2027; x_wconf 85' lang='lat' dir='ltr'>manabat</span> <span class='ocrx_word' id='word_1_143' title='bbox 598 1988 712 2046; x_wconf 87' lang='lat' dir='ltr'>corpore</span> <span class='ocrx_word' id='word_1_144' title='bbox 725 1968 811 2026; x_wconf 89' lang='lat' dir='ltr'>sudor</span> <span class='ocrx_word' id='word_1_145' title='bbox 819 1993 867 2027; x_wconf 79' lang='lat'>2-</span> 
     </span>
     <span class='ocr_line' id='line_1_23' title="bbox 161 2045 836 2126; baseline 0.001 -21"><span class='ocrx_word' id='word_1_146' title='bbox 161 2045 289 2125; x_wconf 82' lang='lat' dir='ltr'>Oorripio</span> <span class='ocrx_word' id='word_1_147' title='bbox 303 2069 318 2107; x_wconf 92' lang='lat' dir='ltr'>e</span> <span class='ocrx_word' id='word_1_148' title='bbox 332 2049 430 2107; x_wconf 85' lang='lat' dir='ltr'>stratis</span> <span class='ocrx_word' id='word_1_149' title='bbox 444 2069 553 2126; x_wconf 87' lang='lat' dir='ltr'>corpus,</span> <span class='ocrx_word' id='word_1_150' title='bbox 565 2049 708 2125; x_wconf 84' lang='lat' dir='ltr'>tendoque</span> <span class='ocrx_word' id='word_1_151' title='bbox 722 2048 836 2125; x_wconf 88' lang='lat' dir='ltr'>supinas</span> 
     </span>
    </p>

    <p class='ocr_par' dir='ltr' id='par_1_6' title="bbox 160 2127 853 2266">
     <span class='ocr_line' id='line_1_24' title="bbox 160 2127 853 2200; baseline 0.004 -17"><span class='ocrx_word' id='word_1_152' title='bbox 160 2127 208 2184; x_wconf 89' lang='lat' dir='ltr'>Ad</span> <span class='ocrx_word' id='word_1_153' title='bbox 221 2127 324 2185; x_wconf 85' lang='lat' dir='ltr'>coelum</span> <span class='ocrx_word' id='word_1_154' title='bbox 338 2148 404 2186; x_wconf 92' lang='lat' dir='ltr'>cum</span> <span class='ocrx_word' id='word_1_155' title='bbox 416 2148 484 2188; x_wconf 82' lang='lat' dir='ltr'>voce</span> <span class='ocrx_word' id='word_1_156' title='bbox 497 2148 607 2200; x_wconf 89' lang='lat' dir='ltr'>manus,</span> <span class='ocrx_word' id='word_1_157' title='bbox 622 2131 651 2186; x_wconf 88' lang='lat' dir='ltr'>et</span> <span class='ocrx_word' id='word_1_158' title='bbox 664 2147 783 2186; x_wconf 89' lang='lat' dir='ltr'>munera</span> <span class='ocrx_word' id='word_1_159' title='bbox 794 2128 853 2186; x_wconf 93' lang='lat' dir='ltr'>libo</span> 
     </span>
     <span class='ocr_line' id='line_1_25' title="bbox 160 2205 817 2266; baseline 0.005 -3"><span class='ocrx_word' id='word_1_160' title='bbox 160 2205 337 2266; x_wconf 86' lang='lat' dir='ltr'>Intemerata</span> <span class='ocrx_word' id='word_1_161' title='bbox 350 2208 428 2266; x_wconf 89' lang='lat' dir='ltr'>focis.</span> <span class='ocrx_word' id='word_1_162' title='bbox 469 2208 599 2266; x_wconf 90' lang='lat' dir='ltr'>Perfecto</span> <span class='ocrx_word' id='word_1_163' title='bbox 612 2206 696 2265; x_wconf 80' lang='lat' dir='ltr'>latus</span> <span class='ocrx_word' id='word_1_164' title='bbox 710 2208 817 2266; x_wconf 88' lang='lat' dir='ltr'>honore</span> 
     </span>
    </p>
   </div>
   <div class='ocr_carea' id='block_1_3' title="bbox 160 2286 971 2379">
    <p class='ocr_par' dir='ltr' id='par_1_7' title="bbox 160 2286 971 2379">
     <span class='ocr_line' id='line_1_26' title="bbox 160 2286 971 2379; baseline 0.004 -37"><span class='ocrx_word' id='word_1_165' title='bbox 160 2286 305 2345; x_wconf 89' lang='lat' dir='ltr'>Anchisen</span> <span class='ocrx_word' id='word_1_166' title='bbox 318 2287 390 2346; x_wconf 87' lang='lat' dir='ltr'>facio</span> <span class='ocrx_word' id='word_1_167' title='bbox 403 2289 521 2358; x_wconf 90' lang='lat' dir='ltr'>certum,</span> <span class='ocrx_word' id='word_1_168' title='bbox 534 2307 650 2364; x_wconf 91' lang='lat' dir='ltr'>remque</span> <span class='ocrx_word' id='word_1_169' title='bbox 663 2287 760 2346; x_wconf 90' lang='lat' dir='ltr'>ordine</span> <span class='ocrx_word' id='word_1_170' title='bbox 772 2286 875 2364; x_wconf 89' lang='lat' dir='ltr'>pando.</span> <span class='ocrx_word' id='word_1_171' title='bbox 950 2343 971 2379; x_wconf 31' lang='grc' dir='ltr'>ἡ</span> 
     </span>
    </p>
   </div>
   <div class='ocr_carea' id='block_1_4' title="bbox 159 2365 1177 2449">
    <p class='ocr_par' dir='ltr' id='par_1_8' title="bbox 159 2365 1177 2449">
     <span class='ocr_line' id='line_1_27' title="bbox 159 2365 1177 2449; baseline 0 -27"><span class='ocrx_word' id='word_1_172' title='bbox 159 2365 289 2441; x_wconf 82' lang='lat' dir='ltr'>Agnovit</span> <span class='ocrx_word' id='word_1_173' title='bbox 302 2367 410 2443; x_wconf 87' lang='lat' dir='ltr'>prolem</span> <span class='ocrx_word' id='word_1_174' title='bbox 423 2367 585 2444; x_wconf 82' lang='lat' dir='ltr'>ambiguam</span> <span class='ocrx_word' id='word_1_175' title='bbox 598 2366 782 2444; x_wconf 86' lang='lat' dir='ltr'>geminosque</span> <span class='ocrx_word' id='word_1_176' title='bbox 794 2369 933 2444; x_wconf 88' lang='lat' dir='ltr'>parentes,</span> <span class='ocrx_word' id='word_1_177' title='bbox 948 2384 970 2414; x_wconf 53' lang='grc' dir='ltr'>κ’]</span> <span class='ocrx_word' id='word_1_178' title='bbox 978 2365 1047 2449; x_wconf 53' lang='lat' dir='ltr'>tagla</span> <span class='ocrx_word' id='word_1_179' title='bbox 1058 2386 1116 2421; x_wconf 51' lang='lat' dir='ltr'>aar</span> <span class='ocrx_word' id='word_1_180' title='bbox 1156 2378 1177 2400; x_wconf 73' lang='lat'>&#39;¹</span> 
     </span>
    </p>
   </div>
   <div class='ocr_carea' id='block_1_5' title="bbox 134 2443 1138 4040">
    <p class='ocr_par' dir='ltr' id='par_1_9' title="bbox 160 2443 1138 2524">
     <span class='ocr_line' id='line_1_28' title="bbox 160 2443 1138 2524; baseline 0.004 -23"><span class='ocrx_word' id='word_1_181' title='bbox 160 2445 251 2521; x_wconf 88' lang='lat' dir='ltr'>Seque</span> <span class='ocrx_word' id='word_1_182' title='bbox 264 2466 337 2504; x_wconf 90' lang='lat' dir='ltr'>novo</span> <span class='ocrx_word' id='word_1_183' title='bbox 350 2449 480 2505; x_wconf 83' lang='lat' dir='ltr'>vetemm</span> <span class='ocrx_word' id='word_1_184' title='bbox 493 2447 643 2524; x_wconf 88' lang='lat' dir='ltr'>deceptum</span> <span class='ocrx_word' id='word_1_185' title='bbox 657 2466 749 2505; x_wconf 86' lang='lat' dir='ltr'>errore</span> <span class='ocrx_word' id='word_1_186' title='bbox 761 2446 897 2504; x_wconf 90' lang='lat' dir='ltr'>locorum.</span> <span class='ocrx_word' id='word_1_187' title='bbox 990 2443 1029 2511; x_wconf 60' lang='lat'>,31</span> <span class='ocrx_word' id='word_1_188' title='bbox 1037 2472 1091 2498; x_wconf 56' lang='lat' dir='ltr'>ece-</span> <span class='ocrx_word' id='word_1_189' title='bbox 1107 2488 1110 2497; x_wconf 73' lang='lat'><em>.</em></span> <span class='ocrx_word' id='word_1_190' title='bbox 1135 2461 1138 2465; x_wconf 83' lang='lat'>&#39;</span> 
     </span>
    </p>

    <p class='ocr_par' dir='ltr' id='par_1_10' title="bbox 159 2525 855 2597">
     <span class='ocr_line' id='line_1_29' title="bbox 159 2525 855 2597; baseline 0.003 -15"><span class='ocrx_word' id='word_1_191' title='bbox 159 2525 236 2582; x_wconf 83' lang='lat' dir='ltr'>Tum</span> <span class='ocrx_word' id='word_1_192' title='bbox 249 2529 404 2585; x_wconf 88' lang='lat' dir='ltr'>memorat:</span> <span class='ocrx_word' id='word_1_193' title='bbox 419 2531 426 2557; x_wconf 93' lang='lat'>‘</span> <span class='ocrx_word' id='word_1_194' title='bbox 437 2526 469 2583; x_wconf 91' lang='lat' dir='ltr'>N</span> <span class='ocrx_word' id='word_1_195' title='bbox 469 2528 524 2596; x_wconf 88' lang='lat' dir='ltr'>ate,</span> <span class='ocrx_word' id='word_1_196' title='bbox 538 2526 632 2584; x_wconf 76' lang='lat' dir='ltr'>Iliacis</span> <span class='ocrx_word' id='word_1_197' title='bbox 646 2525 767 2584; x_wconf 83' lang='lat' dir='ltr'>exercite</span> <span class='ocrx_word' id='word_1_198' title='bbox 779 2525 855 2597; x_wconf 87' lang='lat' dir='ltr'>fatis,</span> 
     </span>
    </p>

    <p class='ocr_par' dir='ltr' id='par_1_11' title="bbox 160 2604 798 2664">
     <span class='ocr_line' id='line_1_30' title="bbox 160 2604 798 2664; baseline 0.002 -3"><span class='ocrx_word' id='word_1_199' title='bbox 160 2604 226 2662; x_wconf 91' lang='lat' dir='ltr'>Sola</span> <span class='ocrx_word' id='word_1_200' title='bbox 239 2605 311 2663; x_wconf 89' lang='lat' dir='ltr'>mihi</span> <span class='ocrx_word' id='word_1_201' title='bbox 323 2606 395 2664; x_wconf 89' lang='lat' dir='ltr'>tales</span> <span class='ocrx_word' id='word_1_202' title='bbox 408 2625 488 2664; x_wconf 88' lang='lat' dir='ltr'>casus</span> <span class='ocrx_word' id='word_1_203' title='bbox 502 2606 658 2664; x_wconf 84' lang='lat' dir='ltr'>Cassandra</span> <span class='ocrx_word' id='word_1_204' title='bbox 671 2606 798 2664; x_wconf 75' lang='lat' dir='ltr'>canebat.</span> 
     </span>
    </p>

    <p class='ocr_par' dir='ltr' id='par_1_12' title="bbox 158 2683 957 2763">
     <span class='ocr_line' id='line_1_31' title="bbox 158 2683 957 2763; baseline 0.006 -23"><span class='ocrx_word' id='word_1_205' title='bbox 158 2683 245 2742; x_wconf 89' lang='lat' dir='ltr'>Nunc</span> <span class='ocrx_word' id='word_1_206' title='bbox 259 2688 364 2762; x_wconf 86' lang='lat' dir='ltr'>repeto,</span> <span class='ocrx_word' id='word_1_207' title='bbox 378 2686 438 2744; x_wconf 88' lang='lat' dir='ltr'>haec</span> <span class='ocrx_word' id='word_1_208' title='bbox 451 2686 548 2763; x_wconf 91' lang='lat' dir='ltr'>generi</span> <span class='ocrx_word' id='word_1_209' title='bbox 560 2686 727 2763; x_wconf 73' lang='lat' dir='ltr'>portendere</span> <span class='ocrx_word' id='word_1_210' title='bbox 741 2685 837 2744; x_wconf 86' lang='lat' dir='ltr'>debita</span> <span class='ocrx_word' id='word_1_211' title='bbox 849 2689 957 2758; x_wconf 90' lang='lat' dir='ltr'>nostro,</span> 
     </span>
    </p>

    <p class='ocr_par' dir='ltr' id='par_1_13' title="bbox 158 2764 879 2843">
     <span class='ocr_line' id='line_1_32' title="bbox 158 2764 879 2843; baseline 0.003 -22"><span class='ocrx_word' id='word_1_212' title='bbox 158 2764 201 2821; x_wconf 82' lang='lat' dir='ltr'>Et</span> <span class='ocrx_word' id='word_1_213' title='bbox 214 2785 289 2842; x_wconf 87' lang='lat' dir='ltr'>saepe</span> <span class='ocrx_word' id='word_1_214' title='bbox 303 2764 481 2842; x_wconf 86' lang='lat' dir='ltr'>Hesperiam,</span> <span class='ocrx_word' id='word_1_215' title='bbox 495 2784 569 2843; x_wconf 86' lang='lat' dir='ltr'>saepe</span> <span class='ocrx_word' id='word_1_216' title='bbox 583 2766 659 2823; x_wconf 87' lang='lat' dir='ltr'>Itala</span> <span class='ocrx_word' id='word_1_217' title='bbox 671 2785 759 2842; x_wconf 89' lang='lat' dir='ltr'>regna</span> <span class='ocrx_word' id='word_1_218' title='bbox 771 2785 879 2823; x_wconf 86' lang='lat' dir='ltr'>vocare.</span> 
     </span>
    </p>

    <p class='ocr_par' dir='ltr' id='par_1_14' title="bbox 159 2842 882 2923">
     <span class='ocr_line' id='line_1_33' title="bbox 159 2842 882 2923; baseline 0.001 -22"><span class='ocrx_word' id='word_1_219' title='bbox 159 2842 215 2902; x_wconf 87' lang='lat' dir='ltr'>Sed</span> <span class='ocrx_word' id='word_1_220' title='bbox 228 2845 291 2920; x_wconf 91' lang='lat' dir='ltr'>quis</span> <span class='ocrx_word' id='word_1_221' title='bbox 304 2845 340 2903; x_wconf 89' lang='lat' dir='ltr'>ad</span> <span class='ocrx_word' id='word_1_222' title='bbox 354 2845 499 2923; x_wconf 77' lang='lat' dir='ltr'>Hesperie</span> <span class='ocrx_word' id='word_1_223' title='bbox 512 2848 648 2903; x_wconf 87' lang='lat' dir='ltr'>venturos</span> <span class='ocrx_word' id='word_1_224' title='bbox 660 2845 747 2903; x_wconf 87' lang='lat' dir='ltr'>litora</span> <span class='ocrx_word' id='word_1_225' title='bbox 759 2845 882 2903; x_wconf 82' lang='lat' dir='ltr'>Teucros</span> 
     </span>
    </p>

    <p class='ocr_par' dir='ltr' id='par_1_15' title="bbox 158 2922 990 3002">
     <span class='ocr_line' id='line_1_34' title="bbox 158 2922 990 3002; baseline 0.004 -21"><span class='ocrx_word' id='word_1_226' title='bbox 158 2922 316 2983; x_wconf 79' lang='lat' dir='ltr'>Crederet?</span> <span class='ocrx_word' id='word_1_227' title='bbox 337 2928 387 2982; x_wconf 88' lang='lat' dir='ltr'>aut</span> <span class='ocrx_word' id='word_1_228' title='bbox 401 2945 485 3002; x_wconf 90' lang='lat' dir='ltr'>quem</span> <span class='ocrx_word' id='word_1_229' title='bbox 498 2928 562 2982; x_wconf 85' lang='lat' dir='ltr'>tum</span> <span class='ocrx_word' id='word_1_230' title='bbox 575 2928 655 2983; x_wconf 85' lang='lat' dir='ltr'>vates</span> <span class='ocrx_word' id='word_1_231' title='bbox 669 2924 827 2982; x_wconf 81' lang='lat' dir='ltr'>Cassandra</span> <span class='ocrx_word' id='word_1_232' title='bbox 838 2924 990 2984; x_wconf 79' lang='lat' dir='ltr'>moveret?</span> 
     </span>
    </p>

    <p class='ocr_par' dir='ltr' id='par_1_16' title="bbox 157 3003 901 3081">
     <span class='ocr_line' id='line_1_35' title="bbox 157 3003 901 3081; baseline 0.003 -21"><span class='ocrx_word' id='word_1_233' title='bbox 157 3003 297 3062; x_wconf 79' lang='lat' dir='ltr'>Cedamus</span> <span class='ocrx_word' id='word_1_234' title='bbox 311 3004 430 3076; x_wconf 88' lang='lat' dir='ltr'>Phoebo,</span> <span class='ocrx_word' id='word_1_235' title='bbox 445 3007 474 3063; x_wconf 85' lang='lat' dir='ltr'>et</span> <span class='ocrx_word' id='word_1_236' title='bbox 487 3004 591 3063; x_wconf 90' lang='lat' dir='ltr'>moniti</span> <span class='ocrx_word' id='word_1_237' title='bbox 603 3003 720 3062; x_wconf 85' lang='lat' dir='ltr'>meliora</span> <span class='ocrx_word' id='word_1_238' title='bbox 733 3004 901 3081; x_wconf 88' lang='lat' dir='ltr'>sequamur.’</span> 
     </span>
    </p>

    <p class='ocr_par' dir='ltr' id='par_1_17' title="bbox 157 3082 895 3161">
     <span class='ocr_line' id='line_1_36' title="bbox 157 3082 895 3161; baseline 0.001 -21"><span class='ocrx_word' id='word_1_239' title='bbox 157 3082 203 3141; x_wconf 91' lang='lat' dir='ltr'>Sic</span> <span class='ocrx_word' id='word_1_240' title='bbox 217 3083 274 3142; x_wconf 84' lang='lat' dir='ltr'>ait:</span> <span class='ocrx_word' id='word_1_241' title='bbox 295 3087 325 3143; x_wconf 83' lang='lat' dir='ltr'>et</span> <span class='ocrx_word' id='word_1_242' title='bbox 339 3085 435 3142; x_wconf 87' lang='lat' dir='ltr'>cuncti</span> <span class='ocrx_word' id='word_1_243' title='bbox 448 3084 525 3143; x_wconf 91' lang='lat' dir='ltr'>dicto</span> <span class='ocrx_word' id='word_1_244' title='bbox 538 3104 668 3161; x_wconf 88' lang='lat' dir='ltr'>paremus</span> <span class='ocrx_word' id='word_1_245' title='bbox 682 3087 808 3143; x_wconf 88' lang='lat' dir='ltr'>ovantes.</span> <span class='ocrx_word' id='word_1_246' title='bbox 892 3083 895 3095; x_wconf 79' lang='grc'><em>’</em></span> 
     </span>
    </p>

    <p class='ocr_par' dir='ltr' id='par_1_18' title="bbox 157 3162 934 3240">
     <span class='ocr_line' id='line_1_37' title="bbox 157 3162 934 3240; baseline 0.003 -21"><span class='ocrx_word' id='word_1_247' title='bbox 157 3162 243 3221; x_wconf 89' lang='lat' dir='ltr'>Hanc</span> <span class='ocrx_word' id='word_1_248' title='bbox 257 3184 367 3240; x_wconf 90' lang='lat' dir='ltr'>qnoque</span> <span class='ocrx_word' id='word_1_249' title='bbox 381 3164 533 3222; x_wconf 90' lang='lat' dir='ltr'>deserimus</span> <span class='ocrx_word' id='word_1_250' title='bbox 548 3163 651 3234; x_wconf 89' lang='lat' dir='ltr'>sedem,</span> <span class='ocrx_word' id='word_1_251' title='bbox 664 3164 815 3240; x_wconf 89' lang='lat' dir='ltr'>paucisque</span> <span class='ocrx_word' id='word_1_252' title='bbox 828 3163 934 3222; x_wconf 89' lang='lat' dir='ltr'>relictis</span> 
     </span>
    </p>

    <p class='ocr_par' dir='ltr' id='par_1_19' title="bbox 156 3242 1058 3401">
     <span class='ocr_line' id='line_1_38' title="bbox 156 3242 980 3322; baseline 0.004 -23"><span class='ocrx_word' id='word_1_253' title='bbox 156 3242 228 3300; x_wconf 91' lang='lat' dir='ltr'>Vela</span> <span class='ocrx_word' id='word_1_254' title='bbox 241 3243 349 3314; x_wconf 87' lang='lat' dir='ltr'>damus,</span> <span class='ocrx_word' id='word_1_255' title='bbox 363 3248 532 3321; x_wconf 87' lang='lat' dir='ltr'>vastumque</span> <span class='ocrx_word' id='word_1_256' title='bbox 546 3264 614 3302; x_wconf 88' lang='lat' dir='ltr'>cava</span> <span class='ocrx_word' id='word_1_257' title='bbox 626 3243 707 3301; x_wconf 87' lang='lat' dir='ltr'>trabe</span> <span class='ocrx_word' id='word_1_258' title='bbox 720 3243 859 3301; x_wconf 89' lang='lat' dir='ltr'>currimus</span> <span class='ocrx_word' id='word_1_259' title='bbox 874 3264 980 3322; x_wconf 87' lang='lat' dir='ltr'>aequor.</span> 
     </span>
     <span class='ocr_line' id='line_1_39' title="bbox 194 3321 1058 3401; baseline 0.008 -22"><span class='ocrx_word' id='word_1_260' title='bbox 194 3321 378 3398; x_wconf 88' lang='lat' dir='ltr'>“Postquam</span> <span class='ocrx_word' id='word_1_261' title='bbox 391 3324 482 3382; x_wconf 87' lang='lat' dir='ltr'>altum</span> <span class='ocrx_word' id='word_1_262' title='bbox 495 3326 611 3382; x_wconf 90' lang='lat' dir='ltr'>tenuere</span> <span class='ocrx_word' id='word_1_263' title='bbox 623 3325 708 3394; x_wconf 86' lang='lat' dir='ltr'>rates,</span> <span class='ocrx_word' id='word_1_264' title='bbox 721 3343 773 3381; x_wconf 91' lang='lat' dir='ltr'>nec</span> <span class='ocrx_word' id='word_1_265' title='bbox 782 3323 845 3400; x_wconf 89' lang='lat' dir='ltr'>jam</span> <span class='ocrx_word' id='word_1_266' title='bbox 857 3324 978 3401; x_wconf 88' lang='lat' dir='ltr'>amplius</span> <span class='ocrx_word' id='word_1_267' title='bbox 992 3326 1058 3386; x_wconf 75' lang='lat' dir='ltr'>ulla</span> 
     </span>
    </p>

    <p class='ocr_par' dir='ltr' id='par_1_20' title="bbox 155 3402 978 3481">
     <span class='ocr_line' id='line_1_40' title="bbox 155 3402 978 3481; baseline 0.004 -22"><span class='ocrx_word' id='word_1_268' title='bbox 155 3402 303 3478; x_wconf 82' lang='lat' dir='ltr'>Apparent</span> <span class='ocrx_word' id='word_1_269' title='bbox 317 3405 406 3476; x_wconf 80' lang='lat' dir='ltr'>terrae,</span> <span class='ocrx_word' id='word_1_270' title='bbox 420 3403 524 3461; x_wconf 82' lang='lat' dir='ltr'>coelum</span> <span class='ocrx_word' id='word_1_271' title='bbox 536 3403 661 3479; x_wconf 92' lang='lat' dir='ltr'>undique</span> <span class='ocrx_word' id='word_1_272' title='bbox 674 3405 704 3460; x_wconf 88' lang='lat' dir='ltr'>et</span> <span class='ocrx_word' id='word_1_273' title='bbox 718 3402 842 3479; x_wconf 92' lang='lat' dir='ltr'>undique</span> <span class='ocrx_word' id='word_1_274' title='bbox 855 3408 978 3481; x_wconf 87' lang='lat' dir='ltr'>pontus;</span> 
     </span>
    </p>

    <p class='ocr_par' dir='ltr' id='par_1_21' title="bbox 156 3480 903 3560">
     <span class='ocr_line' id='line_1_41' title="bbox 156 3480 903 3560; baseline 0.005 -22"><span class='ocrx_word' id='word_1_275' title='bbox 156 3480 232 3538; x_wconf 81' lang='lat' dir='ltr'>Tum</span> <span class='ocrx_word' id='word_1_276' title='bbox 245 3481 317 3538; x_wconf 92' lang='lat' dir='ltr'>mihi</span> <span class='ocrx_word' id='word_1_277' title='bbox 329 3482 466 3541; x_wconf 83' lang='lat' dir='ltr'>crendeus</span> <span class='ocrx_word' id='word_1_278' title='bbox 480 3503 565 3560; x_wconf 88' lang='lat' dir='ltr'>supra</span> <span class='ocrx_word' id='word_1_279' title='bbox 578 3485 663 3560; x_wconf 87' lang='lat' dir='ltr'>caput</span> <span class='ocrx_word' id='word_1_280' title='bbox 677 3481 791 3540; x_wconf 90' lang='lat' dir='ltr'>adstitit</span> <span class='ocrx_word' id='word_1_281' title='bbox 804 3482 903 3554; x_wconf 88' lang='lat' dir='ltr'>imber,</span> 
     </span>
    </p>

    <p class='ocr_par' dir='ltr' id='par_1_22' title="bbox 155 3560 1021 3639">
     <span class='ocr_line' id='line_1_42' title="bbox 155 3560 1021 3639; baseline 0.006 -21"><span class='ocrx_word' id='word_1_282' title='bbox 155 3561 281 3619; x_wconf 87' lang='lat' dir='ltr'>Noctem</span> <span class='ocrx_word' id='word_1_283' title='bbox 294 3560 471 3639; x_wconf 86' lang='lat' dir='ltr'>hiememque</span> <span class='ocrx_word' id='word_1_284' title='bbox 484 3563 584 3634; x_wconf 86' lang='lat' dir='ltr'>ferens,</span> <span class='ocrx_word' id='word_1_285' title='bbox 598 3566 628 3621; x_wconf 90' lang='lat' dir='ltr'>et</span> <span class='ocrx_word' id='word_1_286' title='bbox 641 3561 784 3620; x_wconf 90' lang='lat' dir='ltr'>inhorruit</span> <span class='ocrx_word' id='word_1_287' title='bbox 796 3562 875 3621; x_wconf 89' lang='lat' dir='ltr'>unda</span> <span class='ocrx_word' id='word_1_288' title='bbox 887 3564 1021 3623; x_wconf 85' lang='lat' dir='ltr'>tenebris.</span> 
     </span>
    </p>

    <p class='ocr_par' dir='ltr' id='par_1_23' title="bbox 155 3639 935 3721">
     <span class='ocr_line' id='line_1_43' title="bbox 155 3639 935 3721; baseline 0.006 -24"><span class='ocrx_word' id='word_1_289' title='bbox 155 3639 300 3698; x_wconf 79' lang='lat' dir='ltr'>Continuo</span> <span class='ocrx_word' id='word_1_290' title='bbox 313 3641 393 3698; x_wconf 87' lang='lat' dir='ltr'>venti</span> <span class='ocrx_word' id='word_1_291' title='bbox 405 3641 527 3701; x_wconf 84' lang='lat' dir='ltr'>volvunt</span> <span class='ocrx_word' id='word_1_292' title='bbox 540 3662 625 3713; x_wconf 91' lang='lat' dir='ltr'>mare,</span> <span class='ocrx_word' id='word_1_293' title='bbox 639 3661 798 3719; x_wconf 86' lang='lat' dir='ltr'>magnaque</span> <span class='ocrx_word' id='word_1_294' title='bbox 812 3647 935 3721; x_wconf 89' lang='lat' dir='ltr'>surgunt</span> 
     </span>
    </p>

    <p class='ocr_par' dir='ltr' id='par_1_24' title="bbox 154 3718 816 3799">
     <span class='ocr_line' id='line_1_44' title="bbox 154 3718 816 3799; baseline 0.003 -21"><span class='ocrx_word' id='word_1_295' title='bbox 154 3718 296 3797; x_wconf 78' lang='lat' dir='ltr'>AEquora3</span> <span class='ocrx_word' id='word_1_296' title='bbox 318 3718 434 3797; x_wconf 88' lang='lat' dir='ltr'>dispersi</span> <span class='ocrx_word' id='word_1_297' title='bbox 442 3721 585 3799; x_wconf 90' lang='lat' dir='ltr'>jactamur</span> <span class='ocrx_word' id='word_1_298' title='bbox 598 3721 713 3799; x_wconf 88' lang='lat' dir='ltr'>gurgite</span> <span class='ocrx_word' id='word_1_299' title='bbox 725 3724 816 3780; x_wconf 88' lang='lat' dir='ltr'>vasto.</span> 
     </span>
    </p>

    <p class='ocr_par' dir='ltr' id='par_1_25' title="bbox 154 3799 866 3873">
     <span class='ocr_line' id='line_1_45' title="bbox 154 3799 866 3873; baseline 0.003 -16"><span class='ocrx_word' id='word_1_300' title='bbox 154 3799 305 3858; x_wconf 86' lang='lat' dir='ltr'>Involvere</span> <span class='ocrx_word' id='word_1_301' title='bbox 318 3799 393 3858; x_wconf 92' lang='lat' dir='ltr'>diem</span> <span class='ocrx_word' id='word_1_302' title='bbox 406 3801 504 3873; x_wconf 90' lang='lat' dir='ltr'>nimbi,</span> <span class='ocrx_word' id='word_1_303' title='bbox 519 3805 548 3860; x_wconf 87' lang='lat' dir='ltr'>et</span> <span class='ocrx_word' id='word_1_304' title='bbox 561 3821 619 3859; x_wconf 88' lang='lat' dir='ltr'>nox</span> <span class='ocrx_word' id='word_1_305' title='bbox 631 3801 750 3859; x_wconf 87' lang='lat' dir='ltr'>humida</span> <span class='ocrx_word' id='word_1_306' title='bbox 762 3800 866 3860; x_wconf 90' lang='lat' dir='ltr'>coelum</span> 
     </span>
    </p>

    <p class='ocr_par' dir='ltr' id='par_1_26' title="bbox 145 3878 879 3960">
     <span class='ocr_line' id='line_1_46' title="bbox 145 3878 879 3960; baseline 0.003 -22"><span class='ocrx_word' id='word_1_307' title='bbox 145 3878 300 3954; x_wconf 81' lang='lat' dir='ltr'>Abstulit3</span> <span class='ocrx_word' id='word_1_308' title='bbox 319 3879 499 3960; x_wconf 86' lang='lat' dir='ltr'>ingeminant</span> <span class='ocrx_word' id='word_1_309' title='bbox 512 3881 640 3960; x_wconf 84' lang='lat' dir='ltr'>abruptis</span> <span class='ocrx_word' id='word_1_310' title='bbox 653 3880 776 3939; x_wconf 91' lang='lat' dir='ltr'>nubibus</span> <span class='ocrx_word' id='word_1_311' title='bbox 789 3881 879 3959; x_wconf 87' lang='lat' dir='ltr'>ignes.</span> 
     </span>
    </p>

    <p class='ocr_par' dir='ltr' id='par_1_27' title="bbox 134 3959 861 4040">
     <span class='ocr_line' id='line_1_47' title="bbox 134 3959 861 4040; baseline -0.003 -21"><span class='ocrx_word' id='word_1_312' title='bbox 134 3961 320 4024; x_wconf 71' lang='lat' dir='ltr'>Excutimur</span> <span class='ocrx_word' id='word_1_313' title='bbox 332 3970 429 4040; x_wconf 79' lang='lat' dir='ltr'>cursu,</span> <span class='ocrx_word' id='word_1_314' title='bbox 443 3964 475 4026; x_wconf 86' lang='lat' dir='ltr'>et</span> <span class='ocrx_word' id='word_1_315' title='bbox 488 3962 572 4026; x_wconf 81' lang='lat' dir='ltr'>oaecis</span> <span class='ocrx_word' id='word_1_316' title='bbox 585 3982 713 4024; x_wconf 85' lang='lat' dir='ltr'>erramus</span> <span class='ocrx_word' id='word_1_317' title='bbox 721 3959 861 4019; x_wconf 83' lang='lat' dir='ltr'>inundis.</span> 
     </span>
    </p>
   </div>
   <div class='ocr_carea' id='block_1_6' title="bbox 0 0 1258 4298">
    <p class='ocr_par' dir='ltr' id='par_1_28' title="bbox 0 0 1258 4298">
     <span class='ocr_line' id='line_1_48' title="bbox 0 0 1258 4298; baseline 0 3"><span class='ocrx_word' id='word_1_318' title='bbox 0 0 1258 4298; x_wconf 95' lang='lat' dir='ltr'> </span> 
     </span>
    </p>
   </div>
  </div>
 </body>
</html>
