2506 4298
472 222 652 268 GEOBOIOON
665 224 728 265 ΙιΙΒ.
743 224 786 265 Π.

152 367 347 446 Saxosumque
360 387 463 426 sonans
476 367 619 446 Hypanis,
633 367 792 444 Mysusque
807 365 918 440 Caicus,

151 448 195 506 Et
208 447 324 526 gemina
337 452 453 506 auratus
465 448 580 506 tamino
593 466 698 505 cornua
710 446 795 504 vultu

151 527 305 600 Eridanus,
319 547 375 604 quo
388 548 446 586 non
459 526 532 586 alius
544 547 594 603 per
606 526 724 605 pinguia
736 527 814 584 culta

152 607 192 665 In
204 627 282 666 maro
295 627 468 684 purpureum
480 606 632 665 violentior
644 606 734 664 effluit
747 605 847 664 amnis.

154 686 313 764 Postquam
326 688 370 746 est
383 686 548 745 inthalami
560 685 714 763 pendentia
725 685 836 762 pumice
849 688 927 745 tecta

155 766 340 839 Perventum,
354 769 384 825 et
397 767 460 825 nati
472 767 557 825 fletis
571 765 706 843 cognovit
720 765 817 824 inanes

156 845 274 923 Cyrene,
288 846 419 904 manibus
431 846 553 922 liquidos
567 846 638 903 dant
652 845 749 903 ordine
762 845 856 904 fontes

156 925 313 997 Germana,
327 925 474 1003 tonsisque
487 926 584 984 fenmt
597 924 733 983 mantelia
745 924 820 982 villis
832 950 839 997 ;

155 1004 227 1063 Pars
241 1005 330 1083 epulis
344 1009 463 1065 onerant
476 1025 596 1076 mensas,
610 1006 640 1062 et
652 1005 736 1081 plena
747 1009 890 1080 reponunt

157 1084 265 1144 Pocula
276 1110 283 1158 ;
296 1084 445 1144 Panchaeis
458 1085 624 1144 adolescunt
637 1083 752 1161 ignibus
765 1104 837 1155 arae3

155 1164 199 1222 Et
212 1166 370 1236 mater,—“
380 1164 456 1242 Cape
469 1165 588 1222 Maeonii
601 1163 743 1222 carchesia
756 1163 879 1222 Bacchi:

156 1244 270 1303 Oceano
282 1244 522 1317 libemus,'’-ait.
564 1244 655 1301 Simul
667 1243 729 1320 ipsa
741 1247 873 1320 precatur

156 1324 356 1401 Oceanumque
368 1327 480 1401 patrem
493 1344 596 1395 rerum,
609 1323 817 1400 Nymphasque
827 1341 943 1394 sorores,

157 1403 283 1462 Centum
296 1424 357 1480 qua
371 1403 464 1475 silvas,
478 1407 595 1462 centum
609 1423 671 1479 quae
684 1403 803 1460 flumina
816 1406 939 1461 servant.

156 1484 213 1542 Ter
225 1483 334 1560 liquido
347 1484 493 1542 ardentem
506 1483 632 1560 perfudit
644 1486 758 1540 nectare
771 1482 890 1541 Vestam
901 1506 908 1554 ;

156 1563 213 1622 Ter
225 1563 342 1622 flamma
353 1564 390 1622 ad
403 1583 547 1621 summum
559 1561 632 1621 tecti
644 1562 772 1639 subjecta
783 1562 904 1620 reluxit:

157 1643 261 1701 Omine
275 1663 331 1720 quo
344 1643 461 1702 firmans
474 1642 609 1713 animum,
624 1641 664 1700 sic
676 1641 777 1718 incipit
790 1641 866 1718 ipsa:

197 1723 280 1781 “Est
293 1723 324 1781 in
337 1722 492 1800 Carpathio
504 1721 637 1799 Neptuni
649 1721 764 1799 gurgite
777 1725 866 1792 vates,

156 1800 300 1861 Oaenrleus
315 1801 445 1875 Proteus,
459 1822 597 1880 magnum
611 1801 660 1878 qui
672 1800 798 1877 piscibus
810 1820 906 1877 aequor

155 1882 200 1940 Et
208 1882 313 1959 juncto
325 1882 461 1959 bipedum
473 1902 558 1940 curru
570 1881 691 1940 metitur
704 1899 849 1956 equorum.

157 1962 218 2020 Hic
230 1982 308 2020 nunc
321 1960 466 2021 Emathiae
478 1964 579 2040 portus
592 1960 770 2039 patriamque
783 1959 882 2018 revisit

157 2041 310 2100 Pallenen:
330 2041 408 2099 hunc
422 2044 452 2100 et
465 2041 610 2120 Nympha
623 2060 798 2111 veneramur,
812 2040 916 2116 etipse

158 2121 335 2180 Grandavus
348 2121 477 2193 Nereus3
497 2122 579 2180 novit
592 2141 714 2196 namquo
728 2119 824 2178 omnia
836 2125 925 2191 vates,

158 2202 229 2274 Quae
242 2200 310 2273 sint,
324 2221 386 2277 quae
399 2201 515 2272 fuerint,
529 2221 591 2276 quae
603 2220 672 2259 mox
684 2206 806 2258 ventura
818 2200 979 2258 trahantur.

158 2281 271 2358 Quippe
283 2281 327 2340 ita
338 2281 478 2358 Neptuno
490 2280 585 2339 visum
598 2283 642 2339 est
652 2305 659 2352 ;
680 2279 816 2337 immania
828 2279 908 2356 cujus

158 2362 301 2419 Armenta
314 2363 344 2419 et
356 2363 455 2438 turpes
467 2359 559 2438 pascit
572 2360 625 2419 sub
638 2359 754 2437 gurgite
766 2358 880 2436 phocas.

159 2440 219 2498 Hic
231 2440 295 2513 tibi,
308 2443 385 2509 nate,
400 2441 479 2518 prius
491 2439 592 2498 vinclis
605 2439 765 2516 capiendus,
778 2442 813 2496 ut
826 2457 940 2497 omnem

159 2518 304 2597 Expediat
316 2520 409 2578 morbi
422 2540 544 2591 causam,
558 2522 732 2595 eventusque
745 2518 898 2576 secundet:

158 2599 239 2657 Nam
251 2599 312 2658 sine
324 2599 355 2657 vi
366 2620 425 2658 non
437 2600 497 2658 ulla
509 2599 589 2658 dabit
601 2601 753 2676 praecopta,
766 2617 857 2673 neque
869 2597 952 2655 illum

159 2679 274 2738 Orando
287 2677 383 2738 flectes
394 2703 401 2752 ;
414 2679 475 2737 vim
487 2680 588 2737 duram
600 2682 631 2736 et
643 2678 757 2736 vincula
768 2680 852 2754 capto

159 2759 274 2832 Tende3
294 2759 353 2817 doli
366 2759 474 2818 circum
486 2758 547 2816 haec
561 2759 677 2818 demum
690 2759 859 2834 frangentur
871 2755 978 2814 inanes.

160 2837 231 2916 Ipsa
243 2857 297 2916 ego
309 2841 349 2912 te,
362 2839 470 2898 medios
484 2858 572 2916 quum
586 2838 628 2896 sol
641 2837 801 2897 accenderit
814 2839 909 2906 aestus,

161 2918 259 2990 Quum
271 2917 376 2977 sitiunt
388 2919 491 2990 herbae,
505 2921 535 2977 et
547 2918 642 2995 pecori
651 2917 713 2995 jam
727 2916 837 2994 gratior
850 2915 951 2973 umbra
963 2916 1016 2984 est,

162 2997 201 3055 In
214 3000 323 3056 secreta
335 2998 409 3057 senis
423 2998 534 3070 ducam,
548 3017 603 3075 quo
616 2998 707 3056 fessus
720 2996 756 3055 ab
769 2995 853 3053 undis

161 3077 199 3136 Se
211 3076 321 3156 recipit,
333 3077 415 3137 facile
427 3081 462 3136 ut
475 3098 575 3136 somno
588 3077 752 3156 aggrediare
760 3076 912 3154 jacentem.

161 3156 271 3216 Verum
283 3156 334 3215 ubi
346 3161 508 3235 correptum
520 3157 651 3216 manibus
663 3156 819 3232 vinclisque
831 3153 951 3225 tenebis,

163 3237 240 3295 Tum
252 3237 338 3295 variae
350 3236 467 3296 eludent
480 3237 585 3315 species
599 3240 685 3313 atque
699 3255 749 3295 ora
760 3235 891 3293 ferarum.

162 3316 232 3376 Fiet
244 3315 321 3375 onim
333 3316 429 3376 subito
442 3337 490 3375 sus
503 3317 643 3385 horridus,
656 3318 773 3391 atraque
785 3313 878 3391 tigris,

162 3396 392 3473 squamosusque
405 3397 497 3469 naec,
511 3399 541 3456 et
553 3396 633 3454 fulva
643 3394 749 3454 cervice
763 3394 867 3466 lesena3

163 3476 226 3535 Aut
240 3495 334 3535 acrem
346 3475 467 3535 flamma
480 3477 608 3536 sonitum
621 3475 709 3546 dabit,
723 3477 809 3550 atque
821 3473 863 3532 ita
875 3471 976 3531 vinclis

162 3555 296 3628 Excidet,
308 3559 360 3614 aut
372 3556 403 3614 in
416 3577 502 3633 aquas
514 3560 615 3615 tenues
628 3555 752 3632 dilapsus
765 3552 864 3612 abibit.

163 3635 228 3708 Sed,
242 3638 351 3712 quanto
364 3635 411 3695 ille
423 3636 515 3715 magis
528 3636 633 3694 formas
646 3655 676 3693 se
688 3636 783 3693 vertet
796 3633 827 3691 in
840 3652 946 3703 omnes,

163 3715 269 3788 Tanto,
282 3717 359 3788 nate,
372 3715 463 3794 magis
477 3715 616 3775 contende
628 3714 740 3773 tenacia
751 3713 862 3784 vincla;

163 3795 265 3854 Donec
277 3794 345 3854 talis
357 3795 421 3868 erit,
434 3797 549 3854 mutato
561 3814 685 3872 corpore,
699 3793 811 3870 quadem

164 3874 288 3949 Videris,
296 3874 411 3954 incepto
422 3878 536 3968 tegeret
547 3894 637 3952 quum
648 3874 758 3932 lumina
770 3869 900 3930 somno.''

204 3956 280 4016 Haeo
289 3955 339 4028 ait,
353 3960 383 4014 et
394 3955 534 4033 liquidum
547 3953 697 4016 ambrosia
711 3950 850 4014 diffundit
862 3948 992 4022 odorem,
