2506 4298
165 212 224 269 124
467 229 493 270 r.
507 227 648 270 11111111
661 227 804 270 minorue

204 369 286 428 “Est
298 369 330 427 in
343 373 496 446 conspectu
508 370 643 442 Tenedos,
655 369 806 429 notissima
818 371 894 430 fama

164 449 272 521 Insula,
286 449 363 507 dives
377 470 472 526 opum,
486 450 593 508 Priami
607 451 676 507 dum
688 470 776 528 regna
788 453 950 527 manebant,

163 528 251 588 Nunc
263 531 379 587 tantum
392 529 470 587 sinus
484 533 514 588 et
527 530 615 588 statio
628 530 701 588 male
714 530 772 587 fida
784 531 901 590 carinis:

164 609 233 667 Huc
246 629 276 667 se
288 609 416 686 provecti
429 609 540 667 deserto
554 609 584 666 in
596 610 681 667 litore
695 610 830 668 condunt.

162 687 226 746 Nos
239 688 339 746 abiisse
352 688 416 761 rati,
431 692 461 746 et
473 692 560 747 vento
574 688 688 765 petiisse
702 688 849 766 Mycenas.

162 767 242 846 Ergo
256 768 347 826 omnis
360 768 447 845 longo
461 768 547 826 solvit
561 788 590 826 se
603 768 723 826 Teucria
734 769 824 826 luctu.

162 847 333 906 Panduntur
346 850 452 924 portae;
468 848 552 925 juvat
565 848 614 920 ire,
629 850 658 906 et
672 848 778 906 Dorica
791 851 884 907 castra

161 926 353 1004 Desertosque
366 927 461 986 videre
473 928 550 986 locos
563 927 687 1004 litusque
700 927 841 986 relictum.

161 1007 221 1064 Hic
234 1006 380 1084 Dolopum
392 1027 502 1078 manus,
515 1007 562 1065 hic
576 1027 669 1065 saevus
683 1007 819 1065 tendebat
832 1008 975 1082 Achilles3

162 1085 304 1144 Classibus
318 1086 364 1144 hic
377 1087 464 1158 locus,
477 1087 525 1144 hic
538 1086 597 1145 acie
611 1089 717 1145 certare
731 1087 868 1150 solebant.

161 1165 232 1224 Pars
246 1169 343 1243 stupet
356 1166 486 1243 innuptae
501 1167 608 1224 donum
621 1166 735 1224 exitiale
749 1166 900 1240 Minervae,

160 1246 203 1304 Et
215 1246 320 1305 molem
333 1246 473 1304 mirantur
486 1246 567 1323 equi;
587 1245 749 1323 primusque
763 1246 931 1324 Thymoetes

160 1325 237 1384 Duoi
249 1325 326 1383 intra
338 1345 435 1383 muros
448 1325 582 1383 hortatur
595 1328 625 1383 et
639 1345 701 1384 arce
714 1325 809 1398 locari,

161 1404 226 1462 Sive
239 1405 312 1477 dolo,
326 1425 376 1463 seu
384 1404 445 1481 jam
459 1404 550 1482 Trojae
564 1405 603 1463 sic
616 1405 677 1463 sata
688 1405 825 1463 ferebant.

159 1486 202 1541 At
216 1483 318 1562 Capys,
332 1487 362 1543 et
376 1504 496 1561 quorum
508 1485 607 1543 melior
621 1484 763 1542 sententia
775 1484 875 1557 menti,

159 1565 221 1622 Aut
234 1564 334 1642 pelago
347 1565 481 1622 Danaum
494 1564 609 1622 insidias
622 1566 807 1641 suspectaque
820 1564 895 1624 dona

160 1643 340 1720 Praecipitare
349 1643 462 1721 jubent,
476 1643 665 1721 subjectisque
677 1663 758 1702 urere
771 1644 910 1704 flammis:

159 1724 221 1781 Aut
235 1724 375 1782 terebrare
389 1743 470 1782 cavas
483 1723 558 1781 uteri
572 1725 601 1781 et
613 1725 726 1781 tentare
738 1723 870 1782 latebras.

159 1803 304 1861 Scinditur
316 1803 457 1861 incertum
471 1802 567 1861 studia
578 1802 608 1859 in
622 1802 763 1862 contraria
774 1803 888 1880 vulgus.

198 1883 338 1940 “Primus
352 1883 392 1941 ibi
405 1885 471 1941 ante
485 1902 591 1953 omnes,
604 1902 709 1959 magna
722 1882 877 1942 comitante
891 1887 1012 1958 1111111,

159 1962 291 2020 Laocoon
305 1963 404 2021 ardens
418 1982 529 2020 summa
541 1962 665 2020 decurrit
679 1962 714 2020 ab
728 1981 807 2034 arce3

158 2042 201 2099 Et
213 2042 327 2119 procul:
349 2042 390 2100 Ὀ
404 2042 508 2112 miseri,
522 2061 584 2118 quae
597 2044 681 2099 111111
691 2041 809 2113 insania,
824 2042 922 2103 cives?

159 2120 282 2179 Creditis
296 2124 409 2180 avectos
422 2121 543 2179 hostes?
564 2124 614 2179 aut
627 2120 686 2178 ulla
697 2121 807 2198 putatis

158 2200 244 2259 Dona
256 2221 348 2259 carere
362 2201 433 2258 dolis
447 2200 604 2259 Danaum?
624 2200 664 2258 sie
677 2203 762 2258 notus
776 2201 901 2261 Ulixes?

158 2280 220 2338 Aut
233 2281 287 2338 hoc
301 2280 403 2338 inclusi
416 2280 494 2357 ligno
508 2280 689 2338 occultantur
702 2280 814 2351 Achivi,

158 2360 220 2417 Aut
233 2360 296 2418 haec
309 2360 340 2417 in
353 2364 466 2418 nostros
479 2360 616 2418 fabricata
628 2362 672 2417 est
684 2360 816 2417 machina
828 2379 934 2432 murce,

158 2438 326 2516 Inspectura
340 2440 446 2511 domos,
459 2442 634 2516 veutiuaque
647 2439 766 2516 desuper
778 2439 859 2510 urbi;

157 2519 219 2575 Aut
233 2519 333 2595 aliquis
345 2519 418 2576 latet
431 2539 524 2577 error:
545 2539 616 2595 equo
630 2537 666 2576 ne
680 2519 794 2590 credite,
808 2519 919 2576 Teucri.

158 2597 302 2674 Quidquid
314 2599 345 2655 id
357 2601 410 2670 est,
423 2599 511 2656 timeo
525 2598 640 2656 Danaos
654 2601 684 2656 et
697 2598 772 2656 dona
783 2598 925 2657 ferentes’

157 2677 204 2736 Sic
217 2677 303 2750 fatus,
316 2679 416 2736 validis
430 2678 578 2754 ingentem
591 2677 698 2736 viribus
711 2678 825 2736 hastam

157 2756 195 2814 In
208 2758 283 2815 latus
297 2758 383 2835 inque
395 2758 448 2816 feri
462 2777 576 2815 11111111
591 2757 775 2834 compagibus
789 2757 886 2814 alvum

157 2835 313 2896 Contorsit.
354 2838 443 2896 Stetit
456 2837 505 2895 illa
516 2841 650 2908 tremens,
664 2840 801 2913 uteroque
814 2857 926 2896 recusso

156 2916 312 2976 Insonuere
325 2937 401 2975 cavae
413 2917 609 2995 gemitumque
623 2916 723 2975 dedere
737 2936 870 2974 cavemae.

156 2996 207 3069 Et,
221 2996 246 3054 si
258 2997 318 3055 sata
331 2997 423 3068 deum,
438 2996 462 3054 si
475 3016 555 3054 mens
569 3015 628 3054 non
640 2995 711 3054 1111
723 2995 833 3068 fuisset,

156 3074 315 3152 Impulerat
328 3076 402 3134 ferro
416 3075 563 3154 Argolicas
576 3075 682 3134 foedare
694 3075 834 3147 latebras;

156 3155 296 3233 Trojaque
309 3176 385 3214 nunc
399 3159 497 3227 stares,
511 3154 673 3232 Priamique
686 3175 736 3212 arx
750 3154 808 3213 alta
821 3174 959 3214 maneres.

195 3238 211 3265 “
221 3234 305 3307 Ecce,
318 3256 419 3294 manus
427 3236 563 3314 juvenem
575 3234 684 3292 interea
697 3236 762 3311 post
775 3236 858 3311 terga
870 3234 1033 3294 revinctum

155 3313 288 3372 Pastores
302 3335 406 3393 magno
420 3316 456 3373 ad
468 3335 566 3392 regem
578 3313 700 3372 clamore
712 3313 866 3372 trabebant

155 3393 333 3467 Dardanidae,
347 3394 397 3472 qui
410 3415 439 3453 se
451 3394 584 3472 ignotum
597 3393 777 3452 venientibus
791 3393 876 3465 ultro,

155 3473 222 3530 Hoc
234 3473 329 3550 ipsum
342 3477 376 3532 ut
389 3477 520 3545 strueret,
535 3473 705 3551 Trojamque
718 3473 839 3550 aperiret
853 3471 981 3548 Achivis,

155 3552 315 3625 Obtulerat,
328 3553 419 3612 fidens
432 3553 528 3625 animi,
543 3556 628 3630 atque
641 3552 672 3609 in
684 3554 838 3630 utrumque
851 3555 978 3630 paratus,
1047 3565 1048 3568 ’

154 3632 210 3689 Seu
222 3651 333 3691 versare
346 3632 434 3706 dolos,
448 3653 498 3690 seu
511 3634 595 3691 certae
608 3631 772 3690 occumbere
784 3632 881 3692 morti.

154 3711 288 3788 Undique
301 3711 411 3770 visendi
424 3713 519 3771 studio
532 3711 655 3789 Trojano
663 3711 802 3789 juventus

154 3789 332 3850 Circumfusa
343 3791 411 3864 ruit,
425 3794 592 3868 certantque
604 3791 726 3849 illudere.
735 3793 828 3869 capto.

146 3871 257 3950 Accipe
269 3891 346 3930 nunc
360 3871 493 3931 Danaum
506 3870 631 3943 insidias,
645 3873 674 3929 et
688 3869 805 3930 crimine
819 3871 855 3930 ab
868 3891 927 3930 uno

136 3949 230 4015 Disce
244 3973 357 4014 omnes.
