2506 4298
475 220 616 264 AENEIDOS
631 221 694 263 HE.
709 222 731 264 Ι.

150 362 240 436 Quale
253 382 354 421 manus
368 361 477 420 addunt
491 363 569 422 ebori
581 364 675 436 decus,
689 367 739 422 aut
752 364 802 424 ubi
815 365 888 423 flavo

41 477 45 485 ,
148 445 314 535 Argentum
327 441 464 500 Pariusve
476 443 547 520 lapis
562 410 753 502 circumdatur
766 465 843 504 auro.

149 523 261 581 Tum
239 543 279 581 src
292 521 427 632 reginam
434 522 595 599 alloquitur,
610 524 775 601 cunctisque
787 527 903 602 repente

149 602 327 680 Improvisus
341 601 427 660 ait:‘
429 601 559 674 ‘,Ooram
574 623 658 680 quem
672 604 809 681 quaeritis,
823 604 923 662 adsum

150 683 252 741 Troius
266 681 371 739 AEneas
373 681 519 758 ‚Lybycis
533 648 645 759 cieptus
659 683 694 740 ab
708 683 801 742 undis

150 761 176 819 0
190 762 251 820 sola
262 761 393 819 infandos
408 761 499 839 Trojae
513 761 647 820 miserata
660 762 778 834 labores,

149 841 220 914 Quae
233 861 294 912 nos,
308 841 440 917 reliquias
455 841 597 912 Danaum,
610 845 748 919 terraeque
762 841 903 919 marisque

151 921 292 979 Omnibus
305 921 457 979 exhaustos
467 921 528 999 J'am
542 921 661 993 casibus,
676 922 804 979 omnium
817 942 930 999 egenos,

150 1001 240 1072 Urbe,
254 1001 347 1072 dome,
361 999 465 1059 socias!
486 1002 582 1078 grabes
595 1002 754 1078 persolvere
768 1002 868 1079 dignas
1091 985 1162 1075 dou

150 1080 221 1138 Non
234 1081 295 1157 opis
309 1082 354 1138 est
366 1082 482 1151 nostrae,
496 1080 582 1153 Dido,
595 1100 647 1139 nec
661 1081 800 1158 quidquid
812 1080 916 1159 ubique
930 1084 975 1140 est

152 1159 255 1218 Gentis
269 1159 429 1231 Dardania,
442 1179 580 1237 magnum
594 1181 658 1238 quae
672 1181 769 1237 sparsa
781 1181 831 1238 per
845 1163 950 1221 orbem.

151 1239 192 1297 Di
204 1239 268 1312 tibi,
283 1238 308 1297 si
320 1259 377 1316 qua
389 1239 450 1316 pios
462 1243 624 1316 respectant
637 1240 764 1312 numina,
778 1241 803 1299 si
816 1240 886 1318 quid

50 1340 72 1367 s
151 1318 282 1396 Usquam
289 1318 407 1396 justitia
419 1320 463 1376 est
477 1321 507 1377 et
519 1339 600 1377 mens
614 1319 668 1377 sibi
681 1320 792 1378 conscia
804 1321 884 1393 recti,

151 1397 277 1456 Proemia
289 1398 377 1476 digna
388 1398 490 1456 ferant.
532 1399 601 1471 Quae
615 1402 645 1458 te
657 1402 720 1457 tam
732 1401 801 1458 laeta
812 1401 942 1459 tulerunt

151 1477 283 1537 Secula?
303 1478 354 1555 qui
365 1477 443 1536 tanti
456 1478 543 1536 talem
556 1499 678 1555 genuere
691 1479 846 1556 parentes?

151 1557 190 1615 In
202 1557 277 1616 freta
289 1556 359 1614 dum
371 1556 452 1615 fluvii
465 1562 587 1629 current,
602 1558 671 1616 dum
683 1559 830 1617 montibus
843 1558 952 1617 umbrae

151 1637 333 1695 Lustrabunt
346 1656 478 1710 convexa,
491 1638 573 1715 polus
587 1637 656 1696 dum
669 1638 761 1696 sidera
772 1641 884 1716 pascet:

152 1717 269 1794 Semper
281 1717 372 1775 honos
385 1737 544 1794 nomenque
557 1720 650 1788 tuum,
663 1718 815 1795 laudesque
828 1718 993 1789 manebunt,

152 1797 225 1870 Quae
238 1816 285 1855 me
299 1816 419 1874 cumque
431 1800 535 1856 vocant
547 1797 663 1855 terrae.'’
705 1797 751 1855 Sic
763 1798 848 1870 fatus,
863 1797 985 1856 amicum

152 1876 263 1935 Ilionea
274 1876 350 1954 petit
363 1877 471 1948 dextra,
484 1877 608 1953 laevaque
622 1877 783 1948 Serestum3

152 1956 226 2016 Post
239 1955 317 2028 ahos,
329 1956 489 2033 fortemque
502 1954 595 2034 Gyan,
609 1957 768 2033 fortemque
782 1955 964 2015 Cloanthum.

193 2035 352 2112 Obstupuit
364 2035 457 2112 primo
470 2038 587 2112 aspectu
600 2035 716 2094 Sidonia
728 2036 814 2107 Dido,

154 2114 231 2173 Casu
243 2114 343 2173 deinde
356 2114 411 2172 viri
423 2117 507 2174 tanto
519 2140 525 2187 3
546 2118 576 2173 et
589 2115 628 2174 sic
643 2136 690 2174 ore
702 2117 800 2174 locuta
812 2119 872 2174 est:

152 2194 252 2267 “Quis
265 2198 304 2267 te,
317 2196 385 2253 nate
398 2194 458 2267 dea,
471 2215 521 2272 per
533 2197 617 2253 tanta
629 2196 752 2272 pericula
765 2215 845 2254 casus

153 2273 344 2352 Insequitur?
365 2294 427 2351 quae
439 2274 483 2333 vis
495 2275 667 2333 immanibus
681 2275 804 2353 applicat
818 2273 898 2334 oris?

154 2354 236 2412 Tune
249 2353 296 2412 ille
309 2354 423 2425 AEners,
437 2374 521 2431 quem
535 2354 680 2413 Dardanio
694 2355 826 2412 Anchisa

153 2433 241 2491 Alma
253 2433 351 2491 Venus
364 2433 390 2491 P
446 2433 487 2511 gii
499 2434 600 2511 genuit
614 2434 768 2492 Simoentis
782 2435 818 2492 ad
830 2431 960 2494 undam?

153 2515 252 2590 Atque
265 2512 395 2590 equidem
434 2533 550 2572 cuorum
563 2514 680 2572 memini
693 2515 799 2573 Sidona
811 2514 916 2586 venire,

154 2592 276 2651 Finibus
290 2592 439 2669 expulsum
451 2592 560 2669 patriis,
573 2613 648 2651 nova
660 2613 748 2671 regna
761 2596 908 2671 petentem

154 2671 271 2730 Auxilio
284 2671 365 2731 Beli:
386 2671 500 2750 genitor
512 2675 577 2730 tum
590 2673 678 2731 Belus
692 2673 816 2749 opimam

153 2751 296 2810 Vastabat
309 2750 446 2830 Cyprum,
460 2755 490 2810 et
503 2752 595 2810 victor
609 2751 716 2810 ditione
730 2753 863 2810 tenebat:

155 2831 296 2909 Tempore
303 2831 366 2910 J'am
379 2851 414 2890 ex
426 2831 476 2890 illo
490 2851 570 2890 casus
583 2831 656 2889 mihi
669 2831 802 2909 cognitus
815 2831 893 2890 urbis

155 2910 297 2990 lhojanae,
309 2931 469 2988 nomenque
482 2913 566 2969 tuum
568 2931 723 2989 ‚regesque
737 2911 894 3031 Pelasgia&

153 2990 222 3068 Ipse
234 2991 326 3050 hostis
339 2990 484 3050 Teucros
476 2991 582 3069 11111311
573 2991 677 3049 laude
689 2991 880 3062 ferebat,
966 2996 1019 3043 -·-‘
1062 3000 1068 3023 ·’
1083 2998 1100 3027 '³
1109 3004 1127 3023 ²·
1145 3008 1148 3013 ·
1203 3006 1206 3011 ·
1234 3040 1241 3067 ,

155 3067 247 3148 Seque
260 3074 357 3130 ortum
370 3071 488 3148 antiqua
500 3071 673 3130 Teucrorum
686 3071 721 3128 ab
728 3036 823 3146 stirpe
836 3005 966 3128 volebat.
996 3072 1012 3115 't
1109 3074 1115 3081 '
1168 3096 1172 3107 ·
1216 3070 1237 3103 ⁴¹

156 3150 249 3222 Quare
262 3151 348 3228 agite,
361 3149 507 3208 otectis
478 3170 622 3227 ‚Juvenes
635 3150 776 3209 succedite
789 3149 902 3207 nostris.

156 3229 208 3288 Me
221 3249 333 3306 quoquo
367 3249 397 3288 er
409 3229 516 3287 multos
530 3229 629 3288 similis
642 3230 759 3288 fortuna
770 3229 880 3287 labores

155 3308 178 3366 J
178 3312 305 3368 artatam
316 3309 338 3366 h
384 3308 501 3368 demum
513 3309 606 3367 voluit
619 3309 773 3368 consistere
786 3306 871 3367 terra.

92 3396 128 3459 *32
155 3388 188 3446 N
188 3409 226 3447 on
238 3388 339 3467 ignara
350 3388 419 3455 mali
431 3387 540 3452 miseris
555 3408 715 3447 succurrere
728 3388 836 3446 disco’'

157 3468 203 3527 Sic
216 3470 372 3527 memorat:
393 3467 479 3526 simul
491 3467 624 3526 AEnean
615 3489 647 3526 1n
659 3468 738 3545 regia
750 3467 831 3526 ducit

157 3547 262 3620 Tecta3
283 3547 369 3606 simul
381 3547 480 3605 divum
493 3548 608 3625 templis
621 3547 722 3605 indicit
735 3548 882 3606 honorem.
888 3525 979 3637 ‘ila
971 3562 1029 3595 ·-¹
1040 3574 1076 3589 -···
1095 3556 1101 3586 ,·
1129 3564 1133 3570 ·
1152 3580 1158 3588 .
1175 3552 1184 3585 -:

155 3627 219 3686 Noc
232 3628 328 3686 minus
340 3627 449 3685 interea
461 3627 543 3686 sociis
557 3629 593 3686 ad
605 3628 691 3686 litora
702 3627 797 3685 mittit

156 3707 269 3786 Viginti
281 3710 379 3766 tauros
381 3726 572 3799 ,magnorum
583 3707 730 3766 horrentia
743 3709 858 3765 centum

155 3786 251 3866 Terga
262 3807 346 3846 suum
347 3785 487 3879 ,pingues
500 3789 616 3845 centnm
629 3807 695 3846 cum
707 3786 848 3845 matribus
862 3805 959 3863 agnos,

156 3865 281 3926 Munera
292 3833 483 3960 letitiamque
496 3865 544 3924 dii.

156 3946 200 4006 At
212 3945 314 4007 domus
324 3945 444 4007 interior
453 3945 543 4024 regali
555 3944 706 4026 splendida
717 3945 792 4006 luxu
