2506 4298
463 230 604 273 nuumos
618 231 680 273 um.
695 231 718 273 1.
1004 219 1061 276 103

159 374 238 433 Talia
250 373 398 431 flammato
411 393 508 432 secum
521 373 573 432 dea
587 374 669 432 corde
681 373 823 446 uolutans,
917 413 920 418 ,
967 424 974 445 ,
1038 344 1054 390 ὁ
1070 346 1090 387 ⁰
1160 423 1162 426 ,

115 454 293 513 Nimborum
305 453 336 511 in
348 453 480 530 patriam,
492 453 554 512 loca
567 454 626 512 seta
639 454 798 512 furentibus
812 454 924 527 austris,
992 474 1048 547 qs·
1060 464 1113 505 ιω·

117 535 243 592 AEoliam
256 533 345 591 venit.
385 532 445 590 Hic
458 536 540 591 vasto
553 535 607 592 rex‘
615 533 716 592 lEolus
730 537 812 593 antro

117 615 277 672 Luctantes
290 615 392 671 ventos
404 615 647 691 tempestatesque
660 633 774 671 sonoras

118 692 245 771 Imperio
258 692 372 770 premit,
386 711 418 750 ac
430 692 531 750 vinclis
545 695 575 751 et
589 713 697 751 carcere
710 693 812 752 frenat.

117 773 168 830 Illi
180 773 364 850 indignantes
376 791 482 850 magno
496 791 560 830 cum
574 792 718 855 murmure
731 773 838 831 montis

117 852 235 910 Circum
248 852 373 910 claustra
384 851 529 911 fremunt:
550 852 624 910 celsa
637 852 716 911 sedet
729 852 829 910 AEolus
843 872 906 911 arce

117 933 238 1008 Sceptra
250 935 360 1003 tenens,
373 931 522 1008 mollitque
536 931 653 1003 animos,
667 934 696 990 et
709 935 851 1009 temperat
863 933 928 991 iras.

116 1012 162 1071 Ni
174 1011 270 1083 faciat,
284 1011 373 1069 maria
385 1030 418 1069 ac
430 1013 521 1069 terras
535 1011 692 1088 coelumque
705 1012 878 1088 profundum

117 1091 232 1168 Quippe
245 1091 339 1150 ferant
351 1090 442 1167 rapidi
455 1110 551 1149 secum
563 1094 734 1167 verrantque
747 1111 797 1168 per
810 1113 900 1150 auras.

117 1171 177 1229 Sed
188 1173 271 1248 pater
284 1170 465 1247 omnipotens
479 1169 618 1248 speluncis
632 1170 742 1228 abdidit
755 1171 833 1243 atris,
1051 1147 1098 1227 do

115 1250 187 1308 Hoc
200 1253 348 1322 metuens3
366 1249 527 1326 molemque
540 1252 570 1308 et
582 1252 695 1308 montes
707 1250 822 1327 insuper
835 1252 909 1310 altos

115 1329 273 1407 Imposuit,
285 1349 438 1407 regemque
451 1329 539 1401 dedit,
552 1329 601 1406 qui
613 1329 717 1388 foedere
731 1334 808 1389 certo

116 1409 164 1467 Et
176 1428 311 1487 premere,
325 1413 355 1468 et
368 1410 445 1467 laxas
459 1409 544 1467 sciret
557 1409 623 1468 darc
633 1410 728 1487 jussus
741 1409 875 1469 habenas.

117 1489 169 1546 Ad
182 1508 267 1565 quem
278 1491 344 1547 tum
357 1488 379 1547 J
379 1508 437 1546 uno
450 1489 568 1565 supplex
580 1489 625 1546 his
638 1489 754 1547 vocibus
767 1510 820 1548 usa
832 1493 895 1549 est:

161 1571 178 1598 “
186 1567 277 1640 AEole,
289 1589 412 1646 namque
424 1568 480 1626 tibi
492 1568 591 1626 divum
604 1571 685 1644 pater
698 1572 784 1646 atque
792 1570 942 1629 hominum
955 1587 1004 1626 rex

117 1647 164 1704 Et
177 1647 299 1706 mulcere
313 1648 392 1706 dedit
404 1648 509 1706 fluctus
522 1650 552 1706 et
565 1648 664 1707 tollere
677 1652 773 1721 vento,

118 1727 200 1784 Gens
213 1726 328 1786 inimica
339 1726 413 1786 mihi
426 1727 608 1804 Tyrrhenum
619 1728 738 1806 navigat
751 1748 854 1805 aequor,

117 1805 212 1864 Ilium
223 1806 254 1864 in
268 1807 386 1865 Italiam
398 1810 516 1885 portans
528 1808 675 1884 victosque
688 1811 821 1885 penates:

117 1885 226 1944 Ineute
238 1886 298 1944 vim
310 1887 413 1959 ventis,
427 1887 640 1966 submersasque
654 1889 740 1946 obrue
753 1908 878 1965 puppes;

116 1966 185 2024 Aut
198 1985 249 2044 age
262 1966 387 2026 diversos
401 1970 431 2026 et
444 1967 541 2045 disjice
554 1988 670 2044 corpora
682 1970 780 2044 ponto.
1060 1983 1104 2069 po

118 2045 198 2103 Sunt
210 2046 282 2104 mibi
294 2047 338 2105 bis
352 2049 461 2124 septem
474 2047 623 2125 praestanti
635 2067 750 2124 corpore
763 2046 914 2124 nympha,

119 2125 258 2197 Quarum,
271 2147 334 2204 quae
346 2126 438 2184 forma
449 2126 646 2202 pulcherrima,
659 2126 818 2204 Deiopeam

120 2205 271 2266 connubio
279 2206 402 2284 jungam
415 2206 516 2279 stabili
524 2207 721 2285 propriamque
734 2206 842 2278 dieab0,

120 2283 230 2342 Omnes
242 2288 277 2343 ut
289 2288 387 2344 tecum
400 2285 575 2362 meritisjpro
587 2286 693 2344 talibus
707 2305 796 2345 annos

121 2363 241 2441 Exiget,
254 2367 284 2423 et
296 2365 416 2442 pulchra
428 2365 514 2424 faeiat
527 2369 558 2423 te
571 2366 649 2442 prole
662 2364 838 2442 parentem.”

162 2442 263 2502 molus
276 2445 336 2503 haec
349 2448 465 2504 contra:
487 2449 503 2476 “
515 2445 602 2517 Tuus,
616 2465 634 2503 o
647 2445 753 2523 regina,
767 2445 836 2522 quid
850 2447 940 2522 optes,

121 2523 280 2600 Explorate
292 2524 388 2597 labor3
408 2523 480 2582 mihi
489 2524 569 2602 jussa
582 2545 723 2602 capessere
736 2525 779 2583 fas
792 2527 846 2583 est.

122 2602 171 2660 Tu
183 2603 263 2676 mihi,
277 2605 463 2683 quodeunque
472 2604 530 2667 hoo
543 2605 632 2682 regni,
646 2608 681 2663 tu
694 2607 805 2682 sceptra
819 2603 840 2661 J
841 2622 977 2681 ovemque

122 2681 280 2756 Concilium
299 2686 336 2742 tu
348 2684 398 2742 das
411 2670 501 2761 epulis
515 2685 678 2743 accumbere
691 2685 798 2756 divum,

121 2761 351 2842 Nimborumque
363 2764 432 2823 facis
445 2767 706 2841 tempestatumque
719 2762 898 2840 potentem.'’

163 2841 236 2901 Haec
249 2843 299 2901 ubi
312 2843 398 2917 dicta,
412 2864 514 2903 cavum
527 2864 661 2902 conversa
674 2844 788 2923 cuspide
801 2845 930 2901 montem

122 2920 246 2998 Impulit
258 2923 290 2981 in
302 2923 396 2995 latus'3
416 2934 448 2982 ae
461 2923 542 2982 venti
554 2923 633 2983 velut
647 2924 760 3001 agmine
772 2923 858 2993 facto,

122 3000 188 3073 Qun
199 3001 268 3060 data
279 3006 372 3080 porta,
385 3006 483 3074 ruunt,
496 3005 527 3061 et
539 3005 629 3061 terras
643 3002 757 3061 turbine
770 3002 900 3079 perflant.

123 3079 283 3142 Incubuere
295 3083 376 3155 mari,
389 3085 542 3159 totumque
555 3103 572 3141 a
585 3083 697 3141 sedibus
710 3082 776 3140 imis

122 3157 192 3218 Una
203 3161 355 3240 Eurusque
368 3162 521 3239 Notusque
534 3166 624 3221 ruunt
638 3163 787 3238 creberque
801 3159 930 3238 procellis

122 3239 246 3313 Africus,
259 3245 290 3300 et
303 3245 399 3300 vastos
412 3242 534 3300 volumt
547 3243 584 3301 ad
596 3242 681 3300 litora
693 3241 813 3299 fluctus:

123 3317 291 3397 Insequitm·
304 3322 464 3399 clamorque
477 3322 572 3380 virum
585 3321 744 3398 stridorque
757 3320 920 3378 rudentum.

123 3397 261 3477 Eripiunt
274 3401 370 3461 subito
383 3402 472 3460 nubes
485 3402 644 3478 eoelumque
657 3401 787 3478 diemque

124 3477 300 3539 Teucrorum
313 3501 348 3540 ex
360 3481 466 3553 oculis3
485 3485 575 3559 ponto
588 3501 645 3540 nox
657 3481 775 3539 incubat
788 3481 859 3538 atra.

124 3556 282 3620 Intonuere
294 3561 362 3639 poli,
375 3564 405 3620 et
419 3561 523 3620 crebris
537 3561 625 3620 micat
638 3561 752 3637 ignibus
766 3559 872 3630 aether3

124 3635 356 3718 Praescntemque
369 3640 437 3699 viris
450 3641 598 3700 intentant
611 3640 707 3700 omnia
720 3643 852 3698 mortem.

124 3715 281 3813 Extemplo
294 3719 395 3780 Eueoe
408 3721 559 3779 solumtur
571 3720 676 3798 frigore
689 3720 833 3790 membra;

239 3802 264 3873 t,
277 3802 310 3859 et
322 3800 447 3878 duplices
459 3801 580 3860 tendens
594 3801 628 3861 ad
644 3800 735 3858 sidera
747 3798 865 3876 palmas,

181 3877 189 3893 ⁶
219 3898 290 3939 voco
302 3880 406 3940 refert:
418 3880 480 3950 ,“O
493 3883 593 3957 terque
607 3883 763 3957 quaterque
775 3876 861 3947 beati,

125 3958 215 4037 απὸ
225 3961 295 4021 aute
308 3976 358 4019 ora
364 3962 482 4038 patrum
498 3959 591 4040 lbojae
603 3959 658 4021 sub
671 3958 816 4021 moenibus
828 3954 897 4018 altis
