2506 4298
167 211 227 274 276
483 229 820 276 r.v1ao1n11uraor1s

40 444 46 451 ι
171 373 210 431 In
222 375 373 450 partesque
385 373 462 452 rapit
474 374 575 446 varias,
587 394 692 452 perque
705 374 801 434 omnia
814 379 917 435 versat.

2 514 6 521 ,
19 418 157 539 ,.,.·.÷t't1³“·
172 452 254 512 Siout
267 472 347 530 aquae
360 454 516 512 tremulum
528 453 615 513 labris
628 454 678 528 ubi
690 453 789 513 lumen
802 455 900 514 ahenis

19 516 68 633 l
171 532 236 592 Sole
249 553 452 609 repercussum,
466 538 518 592 aut
531 533 668 592 radiantis
680 534 804 613 imagine
818 534 918 608 uuna,
1017 607 1023 615 .

11 606 26 663 t
52 600 131 665 a'''''
172 611 277 670 Omnia
289 613 442 689 pervolitat
455 613 513 672 late
523 613 593 686 loca,
602 613 719 692 jamque
732 615 786 673 sub
800 635 882 690 aum
910 597 1054 685 Μία.
1069 595 1118 687 ’ἷή
1148 613 1187 657 '³'

0 705 5 719 ’
79 732 81 737 .
171 691 312 769 Erigitur,
327 692 485 769 summique
498 692 565 751 ferit
577 693 719 770 laquearia
731 686 812 752 tecti.
1003 668 1101 787 &Ab

172 771 322 843 Noferat,
336 775 366 831 et
379 775 470 831 terras
483 772 616 831 animalia
627 773 701 832 sessa
712 793 763 850 per
776 793 874 832 omnes

171 850 306 909 Alituum
318 852 515 943 pecudumque
528 871 618 930 genus
634 872 718 930 sopor
730 853 807 911 altus
819 852 960 911 habebat:

172 930 270 1002 Quum
281 940 364 1008 pater
376 932 407 989 in
420 931 482 1009 ripa
494 931 636 1009 gelidique
649 932 702 991 sub
715 932 830 990 aetheris
844 952 895 991 axe

172 1009 287 1082 AEneas,
300 1010 379 1069 tristi
391 1012 524 1070 turbatus
536 1015 652 1089 pectora
663 1012 746 1084 bello,

172 1088 340 1162 Procubuit,
353 1111 499 1168 seramque
511 1090 591 1149 dedit
604 1111 654 1169 per
666 1091 794 1150 membra
806 1090 941 1169 quietem.

84 1204 105 1234 ,s
149 1240 152 1245 Ι
172 1168 252 1227 Huic
266 1170 334 1228 deus
347 1170 407 1247 ipse
420 1170 476 1229 loci
488 1170 575 1229 fluvio
590 1170 741 1230 Tiberinus
754 1190 867 1230 amoeno

2 1264 29 1295 e»
49 1256 65 1291 r‘
76 1254 93 1285 ,s
133 1260 141 1293 ἰ
173 1247 313 1326 Populeas
326 1249 402 1308 inter
415 1250 508 1309 senior
520 1270 551 1308 se
563 1250 694 1309 attollere
707 1251 820 1309 frondes

173 1327 276 1401 Visus;
296 1349 361 1388 eum
375 1330 469 1388 tenuis
483 1330 584 1407 glauco
596 1330 709 1389 velabat
723 1330 831 1389 amictu

175 1406 323 1491 carbasus,
336 1412 367 1467 et
380 1409 470 1468 crines
484 1410 618 1468 umbrosa
629 1410 748 1488 tegebat
761 1410 885 1482 arundo;
915 1390 937 1453 A
952 1412 958 1421 '

173 1487 250 1545 Tum
264 1488 304 1546 sic
317 1488 405 1561 affari,
418 1493 449 1547 et
462 1509 543 1547 curas
555 1488 601 1546 his
614 1490 726 1548 demere
739 1488 839 1547 dictis:

214 1567 268 1625 “0
282 1571 343 1627 sate
356 1571 442 1646 gente
455 1568 548 1639 deum,
563 1567 715 1647 Trojanam
728 1589 762 1626 ex
775 1568 906 1627 hostibus
918 1568 1020 1628 urbem

174 1645 232 1719 Qui
244 1648 355 1706 revehis
367 1648 458 1719 nobis,
472 1653 634 1726 {eternaque
647 1648 788 1725 Pergama
800 1668 903 1720 servas,

173 1726 348 1804 Exspectate
361 1729 421 1787 solo
435 1727 573 1786 Laurenti
586 1728 716 1805 arvisque
730 1727 851 1800 Latinis,

174 1805 234 1864 Hic
247 1806 302 1865 tibi
315 1810 394 1866 certa
405 1810 515 1879 domus,
529 1806 608 1878 certi,
621 1827 658 1866 ne
672 1807 785 1879 absiste,
798 1811 932 1886 penates;

173 1885 242 1944 Neu
253 1886 322 1945 belli
333 1890 439 1947 terrere
452 1887 546 1946 minis.
586 1886 695 1946 Tumor
708 1887 800 1946 omnis
814 1891 844 1946 et
856 1887 906 1945 iras

165 1965 343 2025 'Concessere
357 1968 451 2026 deum.

174 2043 298 2123 Jamque
311 2046 374 2119 tibi,
387 2068 423 2105 ne
436 2067 510 2105 vana
522 2049 605 2124 putes
618 2047 680 2105 haec
693 2045 800 2124 fingere
812 2064 953 2119 somnum,

175 2123 298 2184 Litoreis
311 2126 412 2203 ingens
425 2127 543 2185 inventa
555 2128 609 2186 sub
622 2118 733 2185 ilicibus
747 2146 804 2198 sus,

175 2203 309 2282 Triginta
322 2206 449 2284 capitum
461 2207 537 2265 fetus
551 2206 641 2279 enixa,
649 2204 774 2285 jacebit3

174 2284 258 2355 Alba,
272 2284 331 2343 solo
344 2286 490 2357 recubans,
503 2285 560 2345 albi
573 2287 678 2345 circum
692 2286 779 2343 ubera
791 2283 863 2343 nati.

174 2362 234 2421 Hic
247 2363 325 2422 locus
339 2365 417 2424 urbis
430 2365 494 2436 erit,
507 2366 617 2441 requies
631 2385 664 2424 ea
676 2368 754 2423 certa
766 2364 914 2422 laborum:

175 2442 222 2500 Ex
235 2463 291 2518 quo
304 2447 349 2502 ter
363 2444 441 2503 denis
454 2444 554 2504 urbem
568 2445 751 2504 redeuntibus
764 2443 846 2501 annis
898 2484 901 2489 -

174 2522 314 2581 Ascanius
329 2523 397 2582 clari
410 2524 514 2583 condet
527 2524 703 2602 cognominis
716 2523 831 2582 Albam.

173 2601 264 2660 Haud
277 2603 387 2662 incerta
399 2624 478 2662 cano.
518 2603 607 2662 Nunc
620 2624 677 2682 qua
689 2603 799 2662 ratione
813 2602 890 2681 quod
901 2601 994 2660 instat

174 2682 317 2760 Expedias
330 2683 431 2757 victor,
444 2683 549 2762 paucis,
563 2685 687 2755 adverte,
700 2684 815 2741 docebo.

173 2763 298 2821 Arcades
311 2763 356 2821 his
370 2764 435 2837 oris,
448 2784 538 2841 genus
552 2784 569 2822 a
582 2763 713 2822 Pallante
726 2762 896 2840 profectum,

175 2842 232 2913 Qui
244 2863 341 2920 regem
355 2844 522 2902 Evandrum
536 2843 663 2916 comites,
677 2842 727 2919 qui
741 2842 823 2920 signa
836 2839 935 2912 secuti,

175 2921 313 3000 Delegere
325 2922 428 2995 locum,
443 2926 472 2982 et
485 2943 603 3000 posuere
615 2923 646 2981 in
659 2922 806 2980 montibus
819 2921 929 2992 urbem,

175 3000 315 3060 Pallantis
327 3003 425 3081 proavi
439 3004 474 3062 de
486 3002 601 3061 nomine
615 3001 813 3060 Pallanteum:

174 3080 219 3138 Hi
232 3082 338 3140 bellum
351 3082 462 3141 assidue
475 3082 587 3140 ducunt
600 3101 666 3141 cum
679 3084 766 3159 gente
779 3079 904 3154 Latina3

174 3159 240 3219 Hos
254 3161 353 3219 castris
367 3162 470 3221 adhibe
483 3161 582 3235 socios,
595 3164 625 3220 et
638 3161 744 3220 foedera
752 3160 853 3238 junge.

174 3238 242 3315 Ipse
255 3261 308 3318 ego
321 3243 352 3300 te
365 3242 433 3319 ripis
447 3245 477 3300 et
490 3245 569 3301 recto
581 3240 699 3299 flumine
713 3241 824 3311 ducam,

174 3318 335 3378 Adversum
348 3322 433 3380 remis
447 3342 560 3398 superes
573 3322 726 3380 subvectus
739 3323 774 3378 ut
788 3339 910 3377 amnem.

175 3398 267 3476 Surge
280 3420 341 3477 age,
354 3404 423 3459 nate
435 3402 504 3472 dea3
524 3400 678 3478 primisque
691 3398 858 3458 cadentibus
872 3397 956 3457 astris

174 3477 286 3536 lunoni
299 3480 341 3538 fer
353 3480 409 3538 rite
422 3500 526 3558 preces,
539 3481 667 3556 iramque
680 3479 827 3555 minasque

175 3556 356 3634 supplicibus
370 3552 470 3636 supert
483 3560 567 3618 votis.
608 3559 686 3617 Mihi
698 3559 791 3617 victor
804 3558 942 3616 honorem

174 3635 331 3697 Persolves.
371 3640 436 3717 Ego
450 3660 523 3712 sum,
536 3639 619 3717 pleno
633 3659 718 3717 quem
730 3637 849 3696 flumine
862 3636 953 3696 cernis
1009 3684 1036 3721 Ι,

175 3715 254 3774 Strin
276 3721 372 3795 entem
384 3719 469 3796 ripas,
482 3727 512 3778 et
525 3718 643 3797 pinguia
656 3719 735 3778 culta
747 3721 900 3791 secantem,
929 3705 1032 3799 hsta
1057 3672 1108 3779 fs
1116 3688 1143 3748 '¹'
1148 3706 1187 3791 'js

106 3861 132 3885 w
175 3793 224 3854 0ae
270 3818 319 3856 sus
333 3798 466 3877 Thybris,
480 3799 551 3858 coelo
564 3798 744 3877 gratissimus
758 3796 859 3856 amnis.

174 3873 234 3934 Hic
248 3877 319 3936 mihi
332 3897 437 3956 magna
449 3878 560 3950 domus,
573 3877 654 3936 celsis
668 3881 755 3956 caput
767 3876 895 3948 urbibus,
908 3874 1001 3934 exit.”

213 3955 306 4033 Dixit,
319 3957 421 4019 deinde
432 3958 496 4019 lacu
509 3957 630 4017 Pluvius
643 3978 673 4018 se
686 3957 815 4018 condidit
827 3957 897 4030 alto,
