2506 4298
476 233 656 278 anonuwon
669 235 730 276 IaIB.
745 234 782 276 11.

151 375 339 436 sollicitanda
350 378 448 435 tamen
460 376 554 448 tellus,
567 376 715 454 pulvisque
727 376 883 436 movendus
893 401 900 448 ;

151 458 196 518 nt
210 457 267 515 'am
279 455 400 514 maturis
412 457 582 515 metuendus
595 456 712 533 Jupiter
725 457 796 514 uvis.

235 542 305 595 ntra
316 555 376 595 non
387 535 447 594 ulla
455 539 500 594 est
513 535 581 595 oleis
594 536 706 594 avaltura
707 556 814 614 ,neque
826 533 882 593 illae

151 616 328 674 Procurvam
340 618 506 694 exspectant
518 615 618 674 falcem
631 619 791 693 rastrosque
804 619 926 684 tenaces,

152 697 250 768 Quum
263 695 350 754 semel
365 695 509 754 haeseramt
522 695 595 753 arvis
609 715 745 772 aurasque
759 693 897 753 tulerunt.

152 775 224 852 Ipsa
235 775 305 833 satis
318 774 412 847 tellus,
426 795 514 852 quum
527 774 613 834 dente
625 774 780 833 recluditur
792 793 874 844 unco,

151 854 266 913 Sufficit
278 854 435 926 humorem,
449 859 480 913 et
492 854 631 932 gravidas,
645 873 711 912 cum
722 873 843 923 vomere,
856 818 960 931 fhrges.

151 934 222 992 Hoc
234 933 371 1012 pinguem
383 938 414 993 et
426 933 560 1010 placitam
573 933 643 992 Paci
655 933 780 992 nutritor
793 932 906 991 olivam.

194 1013 287 1071 Poma
298 1033 417 1092 quoque,
430 1017 466 1072 ut
477 1012 602 1091 primum
614 1016 730 1071 truncoe
743 1032 853 1071 sensere
861 1013 988 1070 valentes

152 1092 237 1151 Ει
209 1113 284 1151 vrres
296 1093 419 1152 habuere
432 1113 505 1165 suas,
519 1093 556 1151 ad
568 1093 659 1151 sidera
671 1092 776 1169 raptim

152 1172 193 1230 Vi
205 1171 320 1265 propria
328 1172 472 1243 nituntur,
485 1173 601 1250 opisque
614 1171 691 1230 haud
703 1171 802 1248 indiga
813 1173 926 1229 nostra.

152 1252 218 1311 Nec
230 1251 325 1310 minus
337 1250 447 1312 interea
458 1219 520 1311 letu
532 1272 632 1311 nemus
646 1272 729 1310 omne
742 1251 891 1328 gravescit,

152 1331 377 1410 sanguineisque
390 1331 500 1391 inculta
511 1332 616 1390 rubent
628 1331 733 1389 aviaria
744 1330 854 1401 baccis;

153 1411 324 1470 Tondentur
336 1411 431 1504 cytisi,
444 1411 532 1470 taedas
545 1411 617 1469 silva
630 1411 689 1469 alta
705 1410 860 1480 ministrat,

152 1490 391 1568 Pascunturque
382 1511 463 1569 ignes
475 1490 609 1550 nocturni
622 1493 651 1548 et
664 1490 772 1548 lumina
784 1488 926 1547 fundunt:

152 1571 196 1628 Et
209 1570 345 1629 dubitant
357 1570 486 1630 homiues
498 1590 589 1629 serere
601 1573 686 1647 atque
699 1568 859 1646 impendere
872 1563 992 1627 curam?

153 1650 230 1721 Quid
242 1650 299 1730 maj
301 1670 351 1709 ora
363 1650 486 1728 sequar?
507 1650 604 1709 salices
617 1649 793 1726 humilesque
806 1652 939 1726 genesta,

153 1731 216 1788 Aut
228 1671 299 1787 illaeJ
300 1749 395 1807 pecon
385 1729 537 1789 frondem
551 1734 601 1787 aut
614 1728 774 1806 pastoribus
788 1727 901 1785 umbras

154 1809 358 1882 Sufficiunt,se
423 1830 477 1887 que
490 1809 569 1880 satis,
581 1814 612 1868 et
624 1808 728 1885 pabula
740 1807 824 1866 melli.

153 1889 195 1947 Et
204 1889 299 1968 juvat
303 1829 460 1948 unrhhtcm
472 1890 548 1948 buxo
561 1893 687 1966 spectare
701 1887 850 1965 Cytorum,

154 1968 382 2047 Naryciaeque
354 1969 436 2106 plicis
437 1969 533 2029 lucos·
526 1969 634 2047 3juvat
647 1988 715 2026 arva
726 1967 821 2025 videre

155 2048 224 2107 Non
236 2049 346 2119 rastris,
381 2068 508 2107 ommum
521 2069 579 2108 non
592 2048 643 2105 ulli
656 2047 777 2106 obnoxia
790 2066 872 2105 curae

155 2127 229 2205 Ipsae
243 2127 380 2187 Caucasio
392 2128 523 2187 steriles
514 2149 546 2186 m
558 2128 664 2187 vertice
678 2127 764 2198 silva,

155 2207 231 2280 Quas
245 2207 365 2266 animosi
378 2228 438 2267 eurr
429 2207 565 2267 assidue
577 2207 769 2285 frangrmtque
781 2206 939 2281 feruntque,

155 2287 236 2347 Dant
250 2287 319 2345 alios
333 2287 393 2346 alia
406 2287 498 2346 fetus:
518 2289 589 2347 dant
602 2287 673 2345 utile
685 2286 798 2364 lignum

155 2366 330 2444 Navigiis
302 2387 392 2444 panos,
405 2367 536 2426 domibus
549 2367 719 2443 cedrumque
733 2382 940 2455 cupressosque.

154 2447 234 2505 Hinc
247 2446 341 2504 radios
353 2447 458 2506 trivere
470 2447 550 2517 rotis,
563 2446 630 2504 hinc
643 2448 785 2537 tympana
793 2443 927 2522 plaustris

154 2526 304 2619 Agricola,
317 2530 347 2585 et
359 2527 466 2604 pandas
478 2493 588 2585 ratibus
600 2544 718 2603 posuere
730 2524 854 2583 carinas:

154 2605 318 2664 Viminibus
332 2605 428 2664 salices
441 2607 575 2678 fecunda,
585 2605 731 2664 frondibus
744 2603 824 2675 ulmi,

155 2687 197 2746 At
209 2689 324 2764 myrtus
336 2685 437 2744 validis
450 2652 608 2756 hastilibbs,
621 2689 652 2744 et
664 2685 739 2744 bona
750 2684 825 2742 bello

155 2766 284 2836 Cornus3
305 2765 426 2824 Ituraeos
438 2765 501 2824 taxi
512 2767 683 2842 torquentur
695 2765 726 2822 in
740 2783 830 2822 arcus

155 2846 219 2904 Nec
231 2845 301 2904 tiliae
314 2845 389 2904 leves
402 2849 454 2904 aut
466 2848 551 2903 torno
564 2845 645 2903 rasile
658 2844 766 2902 buxum

154 2925 186 2983 N
187 2946 225 2984 on
237 2925 359 2985 formam
372 2925 515 3002 accipiunt
527 2926 656 3000 ferroque
669 2926 806 2982 cavantur
818 2923 911 2980 acuto.

155 3005 218 3064 Nec
231 3025 291 3063 non
303 3008 334 3064 et
346 3008 504 3063 torrentem
516 3003 624 3062 undam
635 3003 705 3062 levis
717 3003 831 3060 innatat
844 3001 933 3071 alnus,

155 3084 249 3143 Missa
261 3083 357 3156 Pad03
377 3104 429 3143 nec
442 3104 500 3143 non
514 3087 543 3142 et
556 3103 622 3160 apes
635 3082 765 3142 examina
776 3080 904 3140 condunt

156 3131 373 3241 corticibusque
386 3164 462 3222 cavis
474 3163 639 3240 vitiosaque
652 3162 723 3220 ilicis
737 3161 825 3220 alveo

155 3244 233 3316 Quid
244 3244 460 3303 memorandum
472 3263 550 3321 aeque
563 3241 704 3300 Baccheia
717 3242 791 3300 dona
803 3235 960 3298 tulerunt?

155 3324 287 3382 Bacchus
300 3327 331 3382 et
344 3323 381 3381 ad
393 3323 506 3400 culpam
518 3342 616 3381 causas
629 3321 724 3392 dedit;
743 3321 791 3378 ille
804 3320 929 3377 furentes

155 3403 314 3462 Centauros
326 3402 386 3462 leto
399 3402 519 3472 domuit,
533 3401 729 3477 Rhoetumque
745 3399 924 3474 Pholumque

156 3483 199 3542 Et
211 3503 318 3560 magno
332 3482 477 3575 Hylaeum
483 3481 616 3558 Lapithis
630 3483 737 3538 cratere
749 3479 916 3538 minantem.

196 3564 222 3622 O
235 3562 437 3623 fortunatos
408 3561 538 3632 mmium,
551 3581 603 3619 sua
615 3581 639 3618 si
630 3560 727 3618 bona
738 3559 843 3629 norint,

156 3643 315 3722 Agricolas,
328 3641 450 3719 quibus
441 3661 511 3718 ipsa,
524 3640 623 3733 procul
635 3639 808 3722 discordibus
822 3637 916 3708 armis,

157 3723 269 3782 Fundit
281 3723 370 3780 humo
383 3721 493 3781 facilem
506 3719 616 3778 victum
624 3708 784 3798 justissima
796 3717 896 3775 tellus!

157 3803 260 3862 Sinon
272 3803 419 3880 ingentem
431 3800 538 3860 foribus
553 3799 654 3857 domus
669 3799 727 3856 alta
739 3795 866 3874 superbis

157 3882 243 3942 Mauo
256 3881 433 3940 salutantum
445 3879 517 3939 totis
529 3877 621 3937 vomit
635 3877 741 3936 adibus
753 3876 876 3946 undam;

157 3961 222 4022 Nec
233 3961 327 4021 varios
335 3960 449 4019 inhiant
455 3957 578 4038 pulchra
591 3957 737 4019 testudine
748 3959 856 4038 postes,
