2506 4298
468 237 648 281 GEOBGIOON
661 238 722 280 m.
737 240 781 282 IV.

150 379 267 439 Scilicet
280 379 338 439 huc
351 379 432 439 reddi
445 380 547 439 deinde
560 401 593 440 ao
605 381 731 441 resoluta
742 381 840 441 referri

150 460 272 533 Omnia3
292 480 345 519 nec
357 460 446 518 morti
458 480 518 520 esse
530 460 634 533 locum,
648 461 698 520 sed
710 462 776 519 viva
787 462 884 521 volare

150 540 257 599 Sideris
269 540 301 598 in
312 560 464 598 numerum
477 543 564 616 atquc
577 541 636 600 alto
649 541 796 600 succedere
809 542 889 601 coelo.

190 620 222 678 Si
236 620 349 697 quando
362 621 458 679 sedem
470 623 624 697 augustam
637 624 803 698 servataque
816 623 901 680 mella

151 699 304 759 Thesauris
316 699 427 772 reclines,
440 700 519 777 prius
532 700 639 758 haustu
652 721 764 778 sparsus
778 721 915 778 aquarum

151 779 210 838 Ora
222 780 296 851 fove,
309 779 458 856 fumosque
470 799 560 838 manu
571 781 716 857 praetende
730 800 872 856 sequaces.

151 858 203 917 Bis
216 859 349 937 gravidos
362 861 471 937 cogunt
483 859 568 932 fetus,
582 861 639 918 duo
651 863 782 938 tempora
794 861 911 920 messis:

151 939 281 1017 Taygete
294 939 381 998 simul
393 959 425 997 os
437 940 522 997 terris
535 939 662 998 ostendit
674 940 829 998 honestum

151 1018 237 1091 Plias,
251 1021 282 1077 et
295 1019 393 1077 oceani
405 1021 515 1096 spretos
528 1019 599 1096 pede
611 1019 716 1096 repulit
729 1039 844 1092 amnes3

150 1099 214 1156 Aut
227 1098 326 1157 cadem
338 1098 417 1157 sidus
429 1098 541 1176 fugiens
554 1099 605 1156 ubi
618 1098 709 1157 Piscis
722 1099 821 1175 aquosi

151 1177 275 1237 tristior
286 1178 419 1237 hibernas
432 1179 504 1237 coelo
518 1179 664 1237 descendiis
676 1179 707 1237 in
719 1180 819 1237 undas.

150 1257 235 1315 Illis
226 1278 270 1316 rra
281 1257 400 1316 modum
413 1278 499 1336 supra
511 1261 564 1329 ost,
577 1259 708 1335 laesaeque
721 1279 862 1317 venenum

152 1337 300 1397 Morsibus
312 1337 463 1416 inspirant,
477 1341 507 1397 et
521 1304 628 1430 spicula
641 1357 713 1396 oseca
725 1337 900 1414 relinquunt,

150 1417 256 1475 Affixae
269 1417 358 1490 renis,
372 1417 535 1494 animasque
548 1417 580 1475 in
591 1417 708 1476 vulnere
720 1421 841 1494 ponunt.

151 1496 203 1554 Sin
216 1496 318 1554 duram
330 1463 441 1589 rdetqes
453 1497 579 1556 hiemem
590 1517 743 1574 parcesque
756 1497 854 1556 futuro

151 1576 351 1653 Contusosque
364 1576 473 1635 animos
486 1580 516 1636 et
528 1596 574 1635 res
588 1576 755 1636 miserabere
765 1578 887 1650 fractas3

149 1656 193 1713 At
207 1656 302 1714 suffire
315 1656 427 1734 thymo,
441 1676 573 1732 cerasque
585 1657 708 1715 recidere
720 1656 819 1714 inanes

151 1735 223 1806 Quis
236 1735 374 1796 dubitet?
394 1755 462 1794 nam
475 1756 548 1814 saepe
560 1735 640 1794 faros
652 1736 771 1813 ignotus
785 1736 882 1794 adedit

151 1813 261 1887 Stellio,
275 1819 305 1874 et
317 1815 450 1893 lucilirgis
463 1819 600 1893 congesta
612 1815 715 1874 cubilia
727 1815 837 1889 blattis,

150 1894 350 1971 Immunisque
363 1896 462 1954 sedens
475 1895 567 1953 aliena
578 1895 615 1953 ad
627 1896 732 1974 pabula
744 1895 843 1967 fucus3

150 1975 215 2032 Aut
229 1994 310 2051 asper
322 1975 421 2032 crabro
432 1974 589 2052 imparibus
602 1995 631 2033 se
644 1975 802 2033 immiscuit
815 1974 910 2046 armis,

150 2054 215 2111 Aut
227 2053 322 2111 dirum
334 2053 420 2112 tineae
432 2074 540 2132 genus;
560 2057 613 2113 aut
623 2054 718 2113 inrisa
731 2055 873 2114 Minerva

150 2132 246 2191 Laxos
259 2132 291 2190 in
303 2133 411 2192 foribus
425 2133 573 2212 suspendit
586 2154 688 2200 aranea
700 2154 800 2193 casses.

152 2212 323 2291 Quomagis
299 2212 483 2272 exhaustae
495 2213 611 2286 fuerim,
624 2213 679 2272 hoc
693 2215 784 2272 acrius
798 2233 897 2273 omnes

152 2233 328 2352 Incumbent
340 2293 452 2371 generis
463 2293 536 2370 lapsi
549 2293 650 2352 sarcire
663 2293 768 2366 ruinas,

153 2370 410 2465 complebuntque
413 2372 498 2445 foros,
511 2375 542 2431 et
554 2373 670 2431 floribus
683 2373 784 2433 horrea
796 2375 905 2432 terent

192 2451 224 2509 Si
235 2471 304 2510 vero
304 2452 460 2528 ‚quoniam
473 2471 553 2510 casus
567 2452 666 2529 apibus
680 2472 791 2530 quoque
803 2456 918 2511 nostros

152 2530 224 2589 Vita
234 2531 314 2604 tradit,
327 2531 407 2589 tristi
419 2531 597 2610 languebunt
610 2551 727 2609 corpora
738 2532 847 2603 morbo,

153 2609 258 2682 Quod
245 2630 308 2688 Jam
320 2631 379 2670 non
392 2611 485 2670 dubiis
497 2611 604 2688 poteris
617 2631 784 2689 cognoscere
798 2610 903 2688 signis:

153 2689 299 2748 Continuo
312 2693 357 2749 est
370 2691 456 2782 oegris
469 2690 540 2748 alius
553 2691 645 2762 color3
664 2690 780 2750 horrida
791 2691 907 2748 vultum

152 2766 306 2827 Deformat
317 2769 439 2843 macies3
458 2772 524 2828 tom
537 2790 654 2847 corpora
665 2771 727 2829 luce
741 2773 889 2829 carentum

152 2848 318 2926 Exportant
330 2849 425 2923 tectis,
438 2852 468 2908 et
480 2849 576 2908 trisfia
587 2850 687 2908 funera
699 2851 826 2922 ducunt3

152 2928 217 2986 Aut
229 2928 286 2986 illae
298 2929 418 3006 pedibus
432 2949 567 2988 connexa
581 2929 618 2987 ad
629 2929 729 2988 limina
741 2930 876 3007 pendent,

151 3008 218 3066 Aut
228 3007 310 3067 intus
323 3008 425 3067 clausis
439 3010 611 3067 cunctantur
623 3009 654 3067 in
667 3009 783 3081 sedibus,
796 3027 895 3071 omnes

152 3087 327 3165 Ignaroque
338 3088 415 3148 fame
427 3091 458 3146 et
471 3090 619 3147 contracto
632 3088 737 3166 [rigore
749 3089 847 3166 pigra.

153 3167 231 3225 Τιιιιι
243 3188 330 3227 sonus
343 3168 459 3226 auditm
471 3167 593 3246 gravior,
606 3169 779 3244 tractimque
792 3167 949 3238 susurrant,

152 3246 290 3326 Frigidus
302 3249 337 3306 ut
350 3247 494 3324 quondam
506 3247 584 3305 silvis
596 3248 798 3306 immurmurat
812 3250 924 3318 auster3

154 3326 199 3385 Ut
212 3347 292 3386 mare
305 3327 460 3387 sollicitum
472 3327 571 3385 stridit
583 3327 768 3386 refluentibus
781 3327 882 3399 undis;

153 3407 273 3466 AEstuat
286 3410 321 3465 ut
333 3406 436 3465 clausis
447 3407 562 3484 rapidus
575 3407 756 3466 fornacibus'
748 3408 832 3485 rgnis.

153 3487 235 3545 Hic
222 3507 285 3565 Jam
297 3487 450 3564 galbaneos
463 3487 586 3545 suadebo
599 3487 747 3545 incendere
761 3488 868 3558 odores,

154 3567 300 3643 Mellaque
313 3566 474 3626 arundineis
487 3566 590 3624 inferre
604 3566 755 3638 canalibus,
769 3567 846 3625 ultro

154 3646 333 3706 Hortantem
346 3650 376 3705 et
389 3646 476 3705 fessas
489 3647 526 3705 ad
538 3646 642 3723 pabula
654 3649 724 3704 nota
736 3650 895 3705 vocantem.

153 3725 290 3785 Proderit
303 3729 334 3785 ot
347 3729 468 3784 tunsum
480 3726 562 3804 galla
576 3726 729 3784 admiscere
742 3746 879 3804 saporem,

84 3834 88 3839 ·
152 3806 332 3883 Arentesque
344 3825 431 3879 rosas,
444 3810 495 3864 aut
507 3805 570 3882 igni
582 3805 700 3883 pinguia
712 3805 806 3864 multo

153 3885 286 3958 Ded-uta,
298 3885 345 3944 rel
356 3885 465 3963 psithia
476 3904 573 3962 passos
587 3885 622 3943 de
634 3885 694 3943 vite
707 3903 842 3955 racemos,

154 3965 377 4042 Cecropiumque
390 3965 531 4043 thymum,
545 3966 577 4024 et
587 3985 677 4046 grave
691 3964 801 4027 olentia
814 3967 979 4027 oentamea.
