2506 4298
156 230 175 286 6
450 247 632 290 avraernrr
645 248 786 292 maronis

158 385 184 444 Ο
199 387 316 446 tantum
327 387 416 448 libeat
428 409 541 448 mecum
553 389 609 450 tibi
622 391 735 450 sordida
746 411 813 449 rura

157 466 254 543 Atque
267 467 388 528 humiles
401 469 530 529 habitare
543 490 629 543 casas,
643 473 674 530 et
686 472 773 548 figere
786 490 891 542 cervos,

155 543 369 625 Haedorumque
381 569 498 626 gregem
510 549 594 607 viridi
607 550 772 628 compellere
784 550 908 609 hibisco!

156 623 274 683 Mecum
286 647 344 685 una
355 628 387 685 in
399 628 477 686 silvis
489 629 637 688 imitabere
650 630 729 688 Pana
742 630 883 702 canendo;

157 702 221 762 Pan
233 705 341 782 primus
355 707 475 767 calamos
489 728 552 767 cera
564 709 733 787 conjungere
745 709 840 787 plures

157 781 309 859 Instituit;
330 786 393 845 Pan
406 791 486 846 curat
500 808 566 847 oves
579 789 731 866 oviumque
743 789 904 866 magistros.

157 861 189 919 N
189 883 221 922 ec
234 867 264 922 te
276 866 416 942 poeniteat
429 868 536 926 calamo
548 868 661 927 trivisse
673 868 823 927 labellum:

158 940 231 1002 Haec
244 945 342 1004 eadem
356 949 391 1004 ut
404 947 497 1018 sciret,
511 947 580 1025 quid
592 968 650 1006 non
663 947 783 1006 faciebat
797 946 966 1025 Amyntas?

159 1021 216 1081 Est
229 1023 302 1082 mihi
314 1025 471 1104 disparibus
485 1030 595 1104 septem
608 1030 755 1103 compacta
768 1027 868 1086 cicutis

159 1097 280 1174 Fistula,
294 1105 443 1164 Damoetas
457 1107 531 1164 dono
544 1106 616 1164 mihi
629 1127 714 1184 quam
727 1106 807 1164 dedit
820 1106 897 1177 olim,

159 1186 202 1243 Et
216 1182 288 1242 dixit
301 1185 440 1245 moriens:
461 1185 521 1244 ‘Te
534 1206 609 1244 nune
622 1186 710 1245 habet
723 1185 779 1244 ista
792 1184 965 1245 secundum'

159 1263 243 1323 Dixit
256 1265 423 1324 Damoetas:
443 1264 547 1323 invidit
561 1265 668 1323 stultus
680 1265 832 1343 Amyntas.

159 1345 302 1402 Praeterea
315 1345 370 1402 duo
383 1365 435 1403 nec
448 1347 515 1403 tuta
527 1345 600 1402 mihi
612 1345 685 1403 valle
698 1345 804 1423 reperti

159 1423 297 1499 Capreoli,
311 1424 414 1501 sparsis
427 1423 514 1482 etiam
527 1444 603 1482 nunc
616 1425 735 1501 pellibus
749 1425 822 1495 albo,

159 1503 235 1561 Bina
247 1503 292 1562 die
306 1503 413 1561 siccant
426 1504 486 1562 ovis
500 1504 601 1576 ubera;
622 1524 691 1581 quos
705 1504 760 1562 tibi
772 1524 861 1562 servo.

158 1582 180 1640 J
181 1602 228 1640 am
241 1583 350 1660 pridem
363 1603 380 1640 a
392 1603 439 1642 me
451 1583 514 1641 illos
527 1583 664 1642 abducere
677 1583 823 1660 Thestylis
836 1586 899 1641 orat
911 1608 917 1655 ;

158 1662 200 1720 Et
213 1662 307 1734 faciet,
320 1662 453 1739 quoniam
467 1664 583 1722 sordent
595 1663 650 1721 tibi
663 1683 781 1721 munera
793 1668 899 1721 nostra.

158 1741 227 1800 Huc
240 1743 314 1813 ades
328 1763 345 1801 o
358 1743 480 1801 formose
492 1763 578 1821 puer:
599 1743 654 1802 tibi
665 1743 725 1800 lilia
736 1741 836 1819 plenis,

158 1819 242 1893 Ecce,
255 1823 351 1881 fenmt
364 1822 510 1900 Nymphae
524 1822 659 1894 calathis3
678 1822 733 1880 tibi
747 1822 865 1880 candida
877 1821 959 1890 Nais,

159 1899 302 1960 Pallentes
315 1901 403 1960 violas
417 1904 446 1959 et
460 1922 571 1960 summa
582 1921 721 1979 papavera
734 1921 857 1979 carpens,

157 1979 326 2038 Narcissum
339 1985 368 2040 et
381 1981 479 2040 florem
488 1981 588 2059 jungit
601 1982 672 2039 bene
686 1980 788 2038 olentis
802 1979 917 2049 anethi3

158 2059 242 2130 Tum,
257 2060 331 2118 casia
343 2063 429 2137 atque
442 2061 503 2117 aliis
516 2060 646 2118 intexens
659 2060 791 2118 suavibus
803 2059 907 2130 herbis,

156 2137 256 2197 Mollia
267 2140 374 2198 luteola
386 2139 480 2217 pingit
494 2139 619 2197 vaccinia
632 2139 735 2197 caltha.

156 2215 223 2296 Ispe
237 2239 289 2297 ego
303 2239 373 2277 caua
384 2219 479 2296 legam
491 2221 590 2277 tenera
600 2218 735 2296 lanugine
747 2218 830 2290 mala,

156 2301 368 2376 Castaneasque
381 2318 476 2368 nuces,
489 2318 554 2356 mea
566 2318 634 2375 quas
648 2298 801 2375 Amaryllis
816 2297 938 2356 amabat.

156 2378 271 2438 Addam
285 2399 363 2437 cerea
375 2397 482 2454 pruna3
502 2378 593 2436 honos
607 2378 661 2436 erit
674 2377 741 2435 huic
754 2397 865 2454 quoque
878 2396 962 2454 pomo
973 2400 979 2447 ;

156 2460 200 2519 Et
212 2477 272 2529 vos,
286 2479 303 2516 o
315 2457 397 2530 lauri,
411 2477 531 2534 carpam,
545 2460 575 2514 et
588 2460 627 2528 te,
640 2457 769 2534 proxima
781 2461 875 2534 myrte
886 2482 892 2529 3

156 2538 203 2597 Sic
216 2537 319 2614 positae
333 2537 468 2614 quoniam
481 2557 579 2595 suaves
593 2536 717 2595 miscetis
731 2537 839 2595 odores.

156 2616 295 2677 Rusticus
308 2637 346 2688 es,
361 2616 502 2694 Corydon,
516 2636 568 2674 nec
580 2637 699 2675 munera
712 2620 793 2674 curat
807 2615 920 2686 Alexis;

155 2692 227 2770 Neo,
242 2697 267 2754 si
279 2696 442 2754 muneribus
456 2699 554 2766 certes,
568 2696 704 2754 concedat
717 2695 803 2753 Ioles.

155 2777 233 2846 Heu,
247 2777 312 2847 heu,
326 2775 395 2852 quid
407 2775 485 2833 volui
497 2776 599 2834 misero
612 2775 685 2833 mihi
696 2774 710 2834 Ρ
729 2775 845 2833 floribus
859 2773 1001 2831 Austrum

155 2857 289 2916 Perditus
303 2858 332 2914 et
345 2854 460 2930 liquidis
472 2854 579 2912 immisi
590 2855 717 2913 fontibus
731 2874 821 2930 apros.

155 2937 247 3009 Quem
259 2935 344 3012 fugis,
358 2935 396 2992 ah
409 2933 523 2992 demens
534 2933 547 2992 Ρ
567 2934 735 2992 habitarunt
748 2933 777 2992 di
791 2952 901 3011 quoque
915 2932 1008 3002 silvas

153 3015 371 3092 Dardaniusque
384 3013 474 3071 Paris.
514 3013 617 3085 Pallas,
631 3033 700 3090 quas
714 3013 849 3085 condidit,
863 3031 940 3070 arces

154 3095 224 3173 ipsa
237 3096 328 3154 eolat:
348 3093 430 3153 nobis
444 3093 574 3170 placeant
588 3095 655 3151 aute
668 3092 764 3151 omnia
777 3093 862 3150 silvae.

154 3176 249 3234 Torva
261 3175 348 3232 leaena
360 3174 461 3251 lupum
474 3173 609 3249 sequitur,
623 3173 707 3249 lupus
720 3171 780 3248 ipse
794 3171 945 3249 capellam3

154 3254 321 3313 Florentem
333 3253 458 3331 cytisum
472 3252 599 3329 sequitur
611 3251 717 3309 lasciva
729 3251 836 3328 capella
846 3275 852 3323 ;

154 3334 196 3392 Te
210 3332 352 3411 Corydon,
366 3353 383 3390 o
397 3332 496 3404 Alexi3
515 3332 607 3390 trahit
621 3351 671 3388 sua
684 3350 823 3407 quemque
836 3331 977 3407 voluptas.

153 3413 266 3490 Aspice,
280 3415 374 3470 aratra
382 3411 454 3489 jugo
466 3411 593 3470 referunt
606 3430 741 3487 suspensa
748 3409 872 3487 juvenci,

154 3494 197 3550 Et
210 3492 253 3551 sol
267 3494 423 3550 crescentes
437 3490 573 3549 decedens
587 3489 714 3567 duplicat
727 3489 859 3547 umbras:

152 3573 201 3630 Me
214 3575 312 3631 tamen
325 3571 384 3628 urit
398 3589 493 3640 amor;
513 3569 576 3646 quis
589 3569 665 3627 enim
679 3568 779 3626 modus
793 3569 868 3626 adsit
882 3567 996 3628 amorii

152 3653 202 3710 Ah
216 3650 359 3728 Corydon,
374 3648 516 3726 Corydon,
530 3668 594 3725 quae
608 3651 639 3706 te
652 3647 796 3706 dementia
808 3649 899 3725 cepit!

153 3732 333 3808 Semiputata
344 3729 401 3787 tibi
413 3727 553 3799 frondosa,
567 3727 636 3784 vitis
649 3727 681 3784 in
693 3726 771 3784 ulmo
785 3731 838 3786 est.

152 3811 230 3884 Quin
242 3814 277 3869 tu
290 3809 398 3887 aliquid
410 3807 512 3866 saltem
525 3806 629 3884 potius,
643 3826 763 3882 quorum
775 3805 887 3884 indiget
900 3828 977 3880 usus,

151 3890 314 3949 Viminibus
327 3887 462 3965 mollique
475 3906 557 3964 paras
570 3886 700 3944 detexere
709 3884 806 3961 junco.

134 3968 278 4030 Invenies
289 3969 391 4045 alium,
405 3967 432 4029 si
445 3970 477 4049 te
490 3966 538 4027 hie
552 3964 674 4040 fastidit,
687 3963 817 4023 Alexiu.''
