<?xml version="1.0" encoding="UTF-8"?>
<!DOCTYPE html PUBLIC "-//W3C//DTD XHTML 1.0 Transitional//EN"
    "http://www.w3.org/TR/xhtml1/DTD/xhtml1-transitional.dtd">
<html xmlns="http://www.w3.org/1999/xhtml" xml:lang="en" lang="en">
 <head>
  <title>
</title>
<meta http-equiv="Content-Type" content="text/html;charset=utf-8" />
  <meta name='ocr-system' content='tesseract 3.04.00' />
  <meta name='ocr-capabilities' content='ocr_page ocr_carea ocr_par ocr_line ocrx_word'/>
</head>
<body>
  <div class='ocr_page' id='page_1' title='image "./workspubliusvir00thomgoog_0108.png"; bbox 0 0 2506 4298; ppageno 0'>
   <div class='ocr_carea' id='block_1_1' title="bbox 466 235 787 280">
    <p class='ocr_par' dir='ltr' id='par_1_1' title="bbox 466 235 787 280">
     <span class='ocr_line' id='line_1_1' title="bbox 466 235 787 280; baseline 0.003 -2"><span class='ocrx_word' id='word_1_1' title='bbox 466 235 646 279; x_wconf 72' lang='lat' dir='ltr'><strong>enonffloou</strong></span> <span class='ocrx_word' id='word_1_2' title='bbox 659 237 722 280; x_wconf 80' lang='lat' dir='ltr'><strong>m.</strong></span> <span class='ocrx_word' id='word_1_3' title='bbox 736 237 787 279; x_wconf 87' lang='grc' dir='ltr'><strong>ΠΙ.</strong></span> 
     </span>
    </p>
   </div>
   <div class='ocr_carea' id='block_1_2' title="bbox 154 377 985 1811">
    <p class='ocr_par' dir='ltr' id='par_1_2' title="bbox 154 377 985 1570">
     <span class='ocr_line' id='line_1_2' title="bbox 158 377 961 456; baseline 0.001 -18"><span class='ocrx_word' id='word_1_4' title='bbox 158 379 222 438; x_wconf 83' lang='lat' dir='ltr'><strong>Illas</strong></span> <span class='ocrx_word' id='word_1_5' title='bbox 236 377 318 438; x_wconf 89' lang='lat' dir='ltr'><strong>ducit</strong></span> <span class='ocrx_word' id='word_1_6' title='bbox 330 397 410 437; x_wconf 90' lang='lat' dir='ltr'><strong>emor</strong></span> <span class='ocrx_word' id='word_1_7' title='bbox 422 379 504 438; x_wconf 88' lang='lat' dir='ltr'><strong>trans</strong></span> <span class='ocrx_word' id='word_1_8' title='bbox 519 377 655 456; x_wconf 81' lang='lat' dir='ltr'><strong>Gergere,</strong></span> <span class='ocrx_word' id='word_1_9' title='bbox 668 380 803 456; x_wconf 86' lang='lat' dir='ltr'><strong>transque</strong></span> <span class='ocrx_word' id='word_1_10' title='bbox 812 383 961 440; x_wconf 85' lang='lat' dir='ltr'><strong>sonantem</strong></span> 
     </span>
     <span class='ocr_line' id='line_1_3' title="bbox 156 459 929 536; baseline 0.003 -19"><span class='ocrx_word' id='word_1_11' title='bbox 156 459 324 530; x_wconf 72' lang='lat' dir='ltr'><strong>Ascanium</strong></span> <span class='ocrx_word' id='word_1_12' title='bbox 344 461 479 536; x_wconf 88' lang='lat' dir='ltr'><strong>superant</strong></span> <span class='ocrx_word' id='word_1_13' title='bbox 492 461 614 529; x_wconf 88' lang='lat' dir='ltr'><strong>montes,</strong></span> <span class='ocrx_word' id='word_1_14' title='bbox 628 462 659 517; x_wconf 88' lang='lat' dir='ltr'><strong>et</strong></span> <span class='ocrx_word' id='word_1_15' title='bbox 671 459 790 518; x_wconf 87' lang='lat' dir='ltr'><strong>flumine</strong></span> <span class='ocrx_word' id='word_1_16' title='bbox 802 463 929 519; x_wconf 86' lang='lat' dir='ltr'><strong>tranant.</strong></span> 
     </span>
     <span class='ocr_line' id='line_1_4' title="bbox 156 537 934 614; baseline 0.004 -18"><span class='ocrx_word' id='word_1_17' title='bbox 156 538 360 614; x_wconf 75' lang='lat' dir='ltr'><strong>Continuoque,</strong></span> <span class='ocrx_word' id='word_1_18' title='bbox 373 538 463 596; x_wconf 88' lang='lat' dir='ltr'><strong>avidis</strong></span> <span class='ocrx_word' id='word_1_19' title='bbox 476 537 527 595; x_wconf 91' lang='lat' dir='ltr'><strong>ubi</strong></span> <span class='ocrx_word' id='word_1_20' title='bbox 540 537 655 597; x_wconf 86' lang='lat' dir='ltr'><strong>subdita</strong></span> <span class='ocrx_word' id='word_1_21' title='bbox 666 538 782 598; x_wconf 89' lang='lat' dir='ltr'><strong>flemme</strong></span> <span class='ocrx_word' id='word_1_22' title='bbox 794 540 934 614; x_wconf 82' lang='lat' dir='ltr'>medullis,</span> 
     </span>
     <span class='ocr_line' id='line_1_5' title="bbox 156 617 876 696; baseline 0.006 -22"><span class='ocrx_word' id='word_1_23' title='bbox 156 617 225 677; x_wconf 84' lang='lat' dir='ltr'><strong>Vere</strong></span> <span class='ocrx_word' id='word_1_24' title='bbox 238 619 339 696; x_wconf 83' lang='lat' dir='ltr'><strong>magis,</strong></span> <span class='ocrx_word' id='word_1_25' title='bbox 353 618 419 696; x_wconf 89' lang='lat' dir='ltr'><strong>quia</strong></span> <span class='ocrx_word' id='word_1_26' title='bbox 430 637 497 676; x_wconf 88' lang='lat' dir='ltr'><strong>vere</strong></span> <span class='ocrx_word' id='word_1_27' title='bbox 511 617 586 676; x_wconf 83' lang='lat' dir='ltr'><strong>oeior</strong></span> <span class='ocrx_word' id='word_1_28' title='bbox 598 617 673 677; x_wconf 88' lang='lat' dir='ltr'><strong>redit</strong></span> <span class='ocrx_word' id='word_1_29' title='bbox 686 619 805 690; x_wconf 86' lang='lat' dir='ltr'><strong>ossibus,</strong></span> <span class='ocrx_word' id='word_1_30' title='bbox 818 619 876 678; x_wconf 81' lang='lat' dir='ltr'><strong>illae</strong></span> 
     </span>
     <span class='ocr_line' id='line_1_6' title="bbox 156 697 942 776; baseline 0.004 -20"><span class='ocrx_word' id='word_1_31' title='bbox 156 697 208 757; x_wconf 89' lang='lat' dir='ltr'><strong>Ore</strong></span> <span class='ocrx_word' id='word_1_32' title='bbox 221 717 320 756; x_wconf 88' lang='lat' dir='ltr'><strong>omnes</strong></span> <span class='ocrx_word' id='word_1_33' title='bbox 332 717 422 756; x_wconf 84' lang='lat' dir='ltr'><strong>vcrsae</strong></span> <span class='ocrx_word' id='word_1_34' title='bbox 430 697 462 756; x_wconf 93' lang='lat' dir='ltr'><strong>in</strong></span> <span class='ocrx_word' id='word_1_35' title='bbox 475 698 632 775; x_wconf 83' lang='lat' dir='ltr'><strong>zephyrum</strong></span> <span class='ocrx_word' id='word_1_36' title='bbox 644 701 724 755; x_wconf 90' lang='lat' dir='ltr'><strong>stent</strong></span> <span class='ocrx_word' id='word_1_37' title='bbox 737 698 854 776; x_wconf 87' lang='lat' dir='ltr'><strong>rupibus</strong></span> <span class='ocrx_word' id='word_1_38' title='bbox 868 699 942 772; x_wconf 87' lang='lat' dir='ltr'><strong>altis,</strong></span> 
     </span>
     <span class='ocr_line' id='line_1_7' title="bbox 155 776 862 855; baseline 0.004 -21"><span class='ocrx_word' id='word_1_39' title='bbox 155 776 371 855; x_wconf 68' lang='lat' dir='ltr'><strong>Exceptantque</strong></span> <span class='ocrx_word' id='word_1_40' title='bbox 382 778 458 836; x_wconf 88' lang='lat' dir='ltr'><strong>leves</strong></span> <span class='ocrx_word' id='word_1_41' title='bbox 472 796 571 849; x_wconf 82' lang='lat' dir='ltr'><strong>eures3</strong></span> <span class='ocrx_word' id='word_1_42' title='bbox 591 780 621 836; x_wconf 91' lang='lat' dir='ltr'><strong>et</strong></span> <span class='ocrx_word' id='word_1_43' title='bbox 635 796 709 854; x_wconf 78' lang='lat' dir='ltr'><strong>serpe</strong></span> <span class='ocrx_word' id='word_1_44' title='bbox 722 777 783 836; x_wconf 89' lang='lat' dir='ltr'><strong>sine</strong></span> <span class='ocrx_word' id='word_1_45' title='bbox 796 779 862 837; x_wconf 87' lang='lat' dir='ltr'><strong>ullis</strong></span> 
     </span>
     <span class='ocr_line' id='line_1_8' title="bbox 156 855 791 935; baseline 0 -20"><span class='ocrx_word' id='word_1_46' title='bbox 156 855 301 935; x_wconf 72' lang='lat' dir='ltr'><strong>conjugiis</strong></span> <span class='ocrx_word' id='word_1_47' title='bbox 312 859 400 916; x_wconf 92' lang='lat' dir='ltr'><strong>vento</strong></span> <span class='ocrx_word' id='word_1_48' title='bbox 414 856 548 935; x_wconf 72' lang='lat' dir='ltr'><strong>gravidae,</strong></span> <span class='ocrx_word' id='word_1_49' title='bbox 561 856 689 915; x_wconf 83' lang='lat' dir='ltr'><strong>mirabile</strong></span> <span class='ocrx_word' id='word_1_50' title='bbox 703 855 791 929; x_wconf 84' lang='lat' dir='ltr'><strong>dictu,</strong></span> 
     </span>
     <span class='ocr_line' id='line_1_9' title="bbox 155 935 825 1014; baseline 0.003 -20"><span class='ocrx_word' id='word_1_51' title='bbox 155 935 225 995; x_wconf 84' lang='lat' dir='ltr'><strong>Saxa</strong></span> <span class='ocrx_word' id='word_1_52' title='bbox 237 956 288 1014; x_wconf 88' lang='lat' dir='ltr'><strong>per</strong></span> <span class='ocrx_word' id='word_1_53' title='bbox 301 940 331 995; x_wconf 91' lang='lat' dir='ltr'><strong>et</strong></span> <span class='ocrx_word' id='word_1_54' title='bbox 344 936 473 1014; x_wconf 90' lang='lat' dir='ltr'><strong>scopulos</strong></span> <span class='ocrx_word' id='word_1_55' title='bbox 486 938 517 994; x_wconf 90' lang='lat' dir='ltr'><strong>et</strong></span> <span class='ocrx_word' id='word_1_56' title='bbox 529 936 673 1014; x_wconf 86' lang='lat' dir='ltr'><strong>depresses</strong></span> <span class='ocrx_word' id='word_1_57' title='bbox 686 937 825 996; x_wconf 88' lang='lat' dir='ltr'><strong>convalles</strong></span> 
     </span>
     <span class='ocr_line' id='line_1_10' title="bbox 155 1014 942 1094; baseline 0.003 -20"><span class='ocrx_word' id='word_1_58' title='bbox 155 1014 328 1094; x_wconf 80' lang='lat' dir='ltr'><strong>Diffugiunt,</strong></span> <span class='ocrx_word' id='word_1_59' title='bbox 341 1036 408 1088; x_wconf 90' lang='lat' dir='ltr'><strong>non,</strong></span> <span class='ocrx_word' id='word_1_60' title='bbox 422 1017 509 1088; x_wconf 84' lang='lat' dir='ltr'><strong>Eure,</strong></span> <span class='ocrx_word' id='word_1_61' title='bbox 521 1018 597 1088; x_wconf 90' lang='lat' dir='ltr'><strong>tuos,</strong></span> <span class='ocrx_word' id='word_1_62' title='bbox 610 1036 701 1092; x_wconf 91' lang='lat' dir='ltr'><strong>neque</strong></span> <span class='ocrx_word' id='word_1_63' title='bbox 714 1016 787 1075; x_wconf 81' lang='lat' dir='ltr'><strong>Solis</strong></span> <span class='ocrx_word' id='word_1_64' title='bbox 801 1017 838 1075; x_wconf 85' lang='lat' dir='ltr'><strong>ad</strong></span> <span class='ocrx_word' id='word_1_65' title='bbox 852 1020 942 1090; x_wconf 88' lang='lat' dir='ltr'><strong>ortus,</strong></span> 
     </span>
     <span class='ocr_line' id='line_1_11' title="bbox 154 1093 985 1174; baseline 0.005 -22"><span class='ocrx_word' id='word_1_66' title='bbox 154 1093 190 1152; x_wconf 92' lang='lat' dir='ltr'><strong>In</strong></span> <span class='ocrx_word' id='word_1_67' title='bbox 203 1095 326 1155; x_wconf 88' lang='lat' dir='ltr'><strong>Boream</strong></span> <span class='ocrx_word' id='word_1_68' title='bbox 340 1095 528 1172; x_wconf 76' lang='lat' dir='ltr'><strong>Genuamque,</strong></span> <span class='ocrx_word' id='word_1_69' title='bbox 541 1099 592 1154; x_wconf 90' lang='lat' dir='ltr'><strong>aut</strong></span> <span class='ocrx_word' id='word_1_70' title='bbox 605 1096 680 1154; x_wconf 87' lang='lat' dir='ltr'><strong>unde</strong></span> <span class='ocrx_word' id='word_1_71' title='bbox 692 1096 863 1174; x_wconf 83' lang='lat' dir='ltr'><strong>nigerrimus</strong></span> <span class='ocrx_word' id='word_1_72' title='bbox 876 1099 985 1156; x_wconf 88' lang='lat' dir='ltr'><strong>Auster</strong></span> 
     </span>
     <span class='ocr_line' id='line_1_12' title="bbox 154 1173 859 1253; baseline 0.006 -22"><span class='ocrx_word' id='word_1_73' title='bbox 154 1173 299 1247; x_wconf 86' lang='lat' dir='ltr'><strong>Nascitur,</strong></span> <span class='ocrx_word' id='word_1_74' title='bbox 312 1178 343 1234; x_wconf 90' lang='lat' dir='ltr'><strong>et</strong></span> <span class='ocrx_word' id='word_1_75' title='bbox 354 1176 451 1253; x_wconf 88' lang='lat' dir='ltr'><strong>pluvio</strong></span> <span class='ocrx_word' id='word_1_76' title='bbox 464 1175 617 1234; x_wconf 88' lang='lat' dir='ltr'><strong>contristet</strong></span> <span class='ocrx_word' id='word_1_77' title='bbox 629 1175 734 1253; x_wconf 83' lang='lat' dir='ltr'><strong>frigore</strong></span> <span class='ocrx_word' id='word_1_78' title='bbox 747 1177 859 1235; x_wconf 88' lang='lat' dir='ltr'><strong>ooelum.</strong></span> 
     </span>
     <span class='ocr_line' id='line_1_13' title="bbox 155 1253 956 1334; baseline 0.004 -22"><span class='ocrx_word' id='word_1_79' title='bbox 155 1253 212 1313; x_wconf 87' lang='lat' dir='ltr'><strong>Hic</strong></span> <span class='ocrx_word' id='word_1_80' title='bbox 225 1254 349 1327; x_wconf 87' lang='lat' dir='ltr'><strong>demum,</strong></span> <span class='ocrx_word' id='word_1_81' title='bbox 362 1255 547 1334; x_wconf 88' lang='lat' dir='ltr'><strong>hippomanes</strong></span> <span class='ocrx_word' id='word_1_82' title='bbox 559 1274 626 1314; x_wconf 87' lang='lat' dir='ltr'><strong>vero</strong></span> <span class='ocrx_word' id='word_1_83' title='bbox 640 1255 716 1331; x_wconf 85' lang='lat' dir='ltr'><strong>quod</strong></span> <span class='ocrx_word' id='word_1_84' title='bbox 728 1257 843 1315; x_wconf 89' lang='lat' dir='ltr'><strong>nomine</strong></span> <span class='ocrx_word' id='word_1_85' title='bbox 856 1256 956 1316; x_wconf 88' lang='lat' dir='ltr'><strong>dicunt</strong></span> 
     </span>
     <span class='ocr_line' id='line_1_14' title="bbox 156 1332 836 1412; baseline 0.006 -22"><span class='ocrx_word' id='word_1_86' title='bbox 156 1332 295 1407; x_wconf 84' lang='lat' dir='ltr'><strong>Pastores,</strong></span> <span class='ocrx_word' id='word_1_87' title='bbox 308 1335 419 1394; x_wconf 85' lang='lat' dir='ltr'><strong>lentum</strong></span> <span class='ocrx_word' id='word_1_88' title='bbox 431 1334 558 1393; x_wconf 82' lang='lat' dir='ltr'><strong>destillet</strong></span> <span class='ocrx_word' id='word_1_89' title='bbox 571 1335 608 1393; x_wconf 88' lang='lat' dir='ltr'><strong>eb</strong></span> <span class='ocrx_word' id='word_1_90' title='bbox 619 1334 737 1412; x_wconf 79' lang='lat' dir='ltr'><strong>inguine</strong></span> <span class='ocrx_word' id='word_1_91' title='bbox 749 1335 836 1407; x_wconf 89' lang='lat' dir='ltr'><strong>virus,</strong></span> 
     </span>
     <span class='ocr_line' id='line_1_15' title="bbox 156 1408 889 1492; baseline 0.005 -21"><span class='ocrx_word' id='word_1_92' title='bbox 156 1411 360 1492; x_wconf 90' lang='lat' dir='ltr'><strong>Hippomenes,</strong></span> <span class='ocrx_word' id='word_1_93' title='bbox 373 1408 450 1492; x_wconf 86' lang='lat' dir='ltr'><strong>quod</strong></span> <span class='ocrx_word' id='word_1_94' title='bbox 462 1434 537 1492; x_wconf 83' lang='lat' dir='ltr'><strong>saepe</strong></span> <span class='ocrx_word' id='word_1_95' title='bbox 550 1414 634 1472; x_wconf 81' lang='lat' dir='ltr'><strong>malae</strong></span> <span class='ocrx_word' id='word_1_96' title='bbox 646 1414 739 1491; x_wconf 87' lang='lat' dir='ltr'><strong>legere</strong></span> <span class='ocrx_word' id='word_1_97' title='bbox 752 1436 889 1488; x_wconf 73' lang='lat' dir='ltr'><strong>novercae,</strong></span> 
     </span>
     <span class='ocr_line' id='line_1_16' title="bbox 157 1491 852 1570; baseline 0.001 -18"><span class='ocrx_word' id='word_1_98' title='bbox 157 1491 388 1570; x_wconf 87' lang='lat' dir='ltr'><strong>Miscucruntque</strong></span> <span class='ocrx_word' id='word_1_99' title='bbox 400 1493 504 1553; x_wconf 88' lang='lat' dir='ltr'><strong>herbas</strong></span> <span class='ocrx_word' id='word_1_100' title='bbox 517 1497 548 1552; x_wconf 90' lang='lat' dir='ltr'><strong>et</strong></span> <span class='ocrx_word' id='word_1_101' title='bbox 560 1514 619 1553; x_wconf 92' lang='lat' dir='ltr'><strong>non</strong></span> <span class='ocrx_word' id='word_1_102' title='bbox 631 1493 746 1552; x_wconf 84' lang='lat' dir='ltr'><strong>innoxie</strong></span> <span class='ocrx_word' id='word_1_103' title='bbox 757 1495 852 1553; x_wconf 90' lang='lat' dir='ltr'><strong>verba.</strong></span> 
     </span>
    </p>

    <p class='ocr_par' dir='ltr' id='par_1_3' title="bbox 157 1573 883 1811">
     <span class='ocr_line' id='line_1_17' title="bbox 191 1573 883 1652; baseline 0.003 -20"><span class='ocrx_word' id='word_1_104' title='bbox 191 1573 249 1632; x_wconf 84' lang='lat' dir='ltr'><strong>Sed</strong></span> <span class='ocrx_word' id='word_1_105' title='bbox 260 1573 338 1651; x_wconf 80' lang='lat' dir='ltr'><strong>fugit</strong></span> <span class='ocrx_word' id='word_1_106' title='bbox 350 1574 467 1646; x_wconf 85' lang='lat' dir='ltr'><strong>interce,</strong></span> <span class='ocrx_word' id='word_1_107' title='bbox 479 1574 556 1652; x_wconf 76' lang='lat' dir='ltr'><strong>fugit</strong></span> <span class='ocrx_word' id='word_1_108' title='bbox 568 1573 747 1650; x_wconf 83' lang='lat' dir='ltr'><strong>irreparabile</strong></span> <span class='ocrx_word' id='word_1_109' title='bbox 760 1577 883 1652; x_wconf 90' lang='lat' dir='ltr'><strong>tempus,</strong></span> 
     </span>
     <span class='ocr_line' id='line_1_18' title="bbox 158 1650 823 1731; baseline 0.008 -23"><span class='ocrx_word' id='word_1_110' title='bbox 158 1650 274 1731; x_wconf 82' lang='lat' dir='ltr'><strong>Singuie</strong></span> <span class='ocrx_word' id='word_1_111' title='bbox 286 1654 355 1711; x_wconf 87' lang='lat' dir='ltr'><strong>dum</strong></span> <span class='ocrx_word' id='word_1_112' title='bbox 368 1653 446 1731; x_wconf 90' lang='lat' dir='ltr'><strong>cepti</strong></span> <span class='ocrx_word' id='word_1_113' title='bbox 458 1653 710 1712; x_wconf 71' lang='lat' dir='ltr'><strong>circumvectamur</strong></span> <span class='ocrx_word' id='word_1_114' title='bbox 719 1674 823 1713; x_wconf 87' lang='lat' dir='ltr'><strong>amore.</strong></span> 
     </span>
     <span class='ocr_line' id='line_1_19' title="bbox 157 1729 877 1811; baseline 0.003 -21"><span class='ocrx_word' id='word_1_115' title='bbox 157 1729 218 1791; x_wconf 93' lang='lat' dir='ltr'><strong>Hoc</strong></span> <span class='ocrx_word' id='word_1_116' title='bbox 232 1733 303 1791; x_wconf 88' lang='lat' dir='ltr'><strong>satis</strong></span> <span class='ocrx_word' id='word_1_117' title='bbox 317 1733 469 1805; x_wconf 80' lang='lat' dir='ltr'><strong>armentis3</strong></span> <span class='ocrx_word' id='word_1_118' title='bbox 489 1736 680 1811; x_wconf 88' lang='lat' dir='ltr'><strong>superetpers</strong></span> <span class='ocrx_word' id='word_1_119' title='bbox 693 1733 877 1807; x_wconf 70' lang='lat' dir='ltr'><strong>eboracum,</strong></span> 
     </span>
    </p>
   </div>
   <div class='ocr_carea' id='block_1_3' title="bbox 157 1809 843 1950">
    <p class='ocr_par' dir='ltr' id='par_1_4' title="bbox 157 1809 843 1950">
     <span class='ocr_line' id='line_1_20' title="bbox 157 1809 843 1950; baseline 0.004 -82"><span class='ocrx_word' id='word_1_120' title='bbox 157 1809 308 1890; x_wconf 83' lang='lat' dir='ltr'><strong>Lanigeros</strong></span> <span class='ocrx_word' id='word_1_121' title='bbox 322 1815 430 1950; x_wconf 53' lang='lat' dir='ltr'><strong>afflare</strong></span> <span class='ocrx_word' id='word_1_122' title='bbox 442 1832 543 1891; x_wconf 80' lang='lat' dir='ltr'><strong>greges</strong></span> <span class='ocrx_word' id='word_1_123' title='bbox 555 1812 701 1889; x_wconf 79' lang='lat' dir='ltr'><strong>hirtasque</strong></span> <span class='ocrx_word' id='word_1_124' title='bbox 714 1813 843 1890; x_wconf 85' lang='lat' dir='ltr'><strong>capellas.</strong></span> 
     </span>
    </p>
   </div>
   <div class='ocr_carea' id='block_1_4' title="bbox 146 1888 1013 4048">
    <p class='ocr_par' dir='ltr' id='par_1_5' title="bbox 157 1888 870 1970">
     <span class='ocr_line' id='line_1_21' title="bbox 157 1888 870 1970; baseline 0.001 -20"><span class='ocrx_word' id='word_1_125' title='bbox 157 1888 211 1951; x_wconf 89' lang='lat' dir='ltr'><strong>Hic</strong></span> <span class='ocrx_word' id='word_1_126' title='bbox 223 1891 322 1965; x_wconf 79' lang='lat' dir='ltr'><strong>lebor3</strong></span> <span class='ocrx_word' id='word_1_127' title='bbox 392 1892 533 1951; x_wconf 87' lang='lat' dir='ltr'><strong>claudem</strong></span> <span class='ocrx_word' id='word_1_128' title='bbox 545 1893 633 1951; x_wconf 87' lang='lat' dir='ltr'><strong>fortes</strong></span> <span class='ocrx_word' id='word_1_129' title='bbox 646 1895 756 1970; x_wconf 83' lang='lat' dir='ltr'><strong>sperate</strong></span> <span class='ocrx_word' id='word_1_130' title='bbox 770 1893 870 1952; x_wconf 88' lang='lat' dir='ltr'><strong>coloni.</strong></span> 
     </span>
    </p>

    <p class='ocr_par' dir='ltr' id='par_1_6' title="bbox 154 1968 949 2209">
     <span class='ocr_line' id='line_1_22' title="bbox 155 1968 940 2050; baseline 0.004 -21"><span class='ocrx_word' id='word_1_131' title='bbox 155 1968 183 2029; x_wconf 83' lang='lat' dir='ltr'>N</span> <span class='ocrx_word' id='word_1_132' title='bbox 182 1991 214 2030; x_wconf 93' lang='lat' dir='ltr'><strong>ec</strong></span> <span class='ocrx_word' id='word_1_133' title='bbox 227 1991 293 2030; x_wconf 90' lang='lat' dir='ltr'><strong>sum</strong></span> <span class='ocrx_word' id='word_1_134' title='bbox 306 1972 394 2030; x_wconf 89' lang='lat' dir='ltr'><strong>enimi</strong></span> <span class='ocrx_word' id='word_1_135' title='bbox 407 1972 518 2044; x_wconf 88' lang='lat' dir='ltr'><strong>dubius,</strong></span> <span class='ocrx_word' id='word_1_136' title='bbox 530 1973 624 2030; x_wconf 89' lang='lat' dir='ltr'><strong>verbis</strong></span> <span class='ocrx_word' id='word_1_137' title='bbox 637 1972 790 2031; x_wconf 86' lang='lat' dir='ltr'><strong>eevincere</strong></span> <span class='ocrx_word' id='word_1_138' title='bbox 803 1993 940 2050; x_wconf 85' lang='lat' dir='ltr'><strong>magnum</strong></span> 
     </span>
     <span class='ocr_line' id='line_1_23' title="bbox 155 2049 949 2129; baseline 0.005 -20"><span class='ocrx_word' id='word_1_139' title='bbox 155 2049 245 2122; x_wconf 72' lang='lat' dir='ltr'><strong>Quam</strong></span> <span class='ocrx_word' id='word_1_140' title='bbox 258 2051 306 2123; x_wconf 84' lang='lat' dir='ltr'><strong>sit,</strong></span> <span class='ocrx_word' id='word_1_141' title='bbox 317 2054 347 2110; x_wconf 90' lang='lat' dir='ltr'><strong>et</strong></span> <span class='ocrx_word' id='word_1_142' title='bbox 360 2051 490 2129; x_wconf 64' lang='lat' dir='ltr'><strong>augeretis</strong></span> <span class='ocrx_word' id='word_1_143' title='bbox 502 2051 580 2110; x_wconf 90' lang='lat' dir='ltr'><strong>hunc</strong></span> <span class='ocrx_word' id='word_1_144' title='bbox 593 2051 695 2110; x_wconf 83' lang='lat' dir='ltr'><strong>addere</strong></span> <span class='ocrx_word' id='word_1_145' title='bbox 707 2052 790 2110; x_wconf 89' lang='lat' dir='ltr'><strong>rebus</strong></span> <span class='ocrx_word' id='word_1_146' title='bbox 804 2053 949 2113; x_wconf 90' lang='lat' dir='ltr'><strong>honorem.</strong></span> 
     </span>
     <span class='ocr_line' id='line_1_24' title="bbox 154 2127 785 2209; baseline 0.002 -20"><span class='ocrx_word' id='word_1_147' title='bbox 154 2127 207 2189; x_wconf 80' lang='lat' dir='ltr'><strong>Sed</strong></span> <span class='ocrx_word' id='word_1_148' title='bbox 219 2151 267 2190; x_wconf 90' lang='lat' dir='ltr'><strong>me</strong></span> <span class='ocrx_word' id='word_1_149' title='bbox 280 2131 400 2189; x_wconf 88' lang='lat' dir='ltr'><strong>Parnasi</strong></span> <span class='ocrx_word' id='word_1_150' title='bbox 411 2131 523 2191; x_wconf 84' lang='lat' dir='ltr'><strong>deserte</strong></span> <span class='ocrx_word' id='word_1_151' title='bbox 534 2151 585 2209; x_wconf 83' lang='lat' dir='ltr'><strong>per</strong></span> <span class='ocrx_word' id='word_1_152' title='bbox 597 2131 684 2190; x_wconf 84' lang='lat' dir='ltr'><strong>ardue</strong></span> <span class='ocrx_word' id='word_1_153' title='bbox 695 2130 785 2190; x_wconf 89' lang='lat' dir='ltr'><strong>dulcis</strong></span> 
     </span>
    </p>

    <p class='ocr_par' dir='ltr' id='par_1_7' title="bbox 152 2205 920 2350">
     <span class='ocr_line' id='line_1_25' title="bbox 152 2205 920 2289; baseline 0.003 -20"><span class='ocrx_word' id='word_1_154' title='bbox 152 2205 264 2288; x_wconf 88' lang='lat' dir='ltr'><strong>Reptet</strong></span> <span class='ocrx_word' id='word_1_155' title='bbox 277 2230 372 2282; x_wconf 82' lang='lat' dir='ltr'><strong>amor3</strong></span> <span class='ocrx_word' id='word_1_156' title='bbox 387 2211 472 2289; x_wconf 86' lang='lat' dir='ltr'><strong>juvet</strong></span> <span class='ocrx_word' id='word_1_157' title='bbox 484 2211 526 2269; x_wconf 89' lang='lat' dir='ltr'><strong>ire</strong></span> <span class='ocrx_word' id='word_1_158' title='bbox 534 2211 622 2289; x_wconf 85' lang='lat' dir='ltr'><strong>jugis,</strong></span> <span class='ocrx_word' id='word_1_159' title='bbox 635 2231 691 2288; x_wconf 88' lang='lat' dir='ltr'><strong>qua</strong></span> <span class='ocrx_word' id='word_1_160' title='bbox 703 2211 782 2270; x_wconf 88' lang='lat' dir='ltr'><strong>nulle</strong></span> <span class='ocrx_word' id='word_1_161' title='bbox 793 2212 920 2289; x_wconf 85' lang='lat' dir='ltr'><strong>priorum</strong></span> 
     </span>
     <span class='ocr_line' id='line_1_26' title="bbox 152 2287 769 2350; baseline 0.003 -3"><span class='ocrx_word' id='word_1_162' title='bbox 152 2287 307 2348; x_wconf 78' lang='lat' dir='ltr'><strong>Oasteiiam</strong></span> <span class='ocrx_word' id='word_1_163' title='bbox 319 2290 399 2349; x_wconf 91' lang='lat' dir='ltr'><strong>molli</strong></span> <span class='ocrx_word' id='word_1_164' title='bbox 411 2290 570 2349; x_wconf 86' lang='lat' dir='ltr'><strong>devertitur</strong></span> <span class='ocrx_word' id='word_1_165' title='bbox 582 2290 676 2349; x_wconf 87' lang='lat' dir='ltr'><strong>orbita</strong></span> <span class='ocrx_word' id='word_1_166' title='bbox 688 2291 769 2350; x_wconf 91' lang='lat' dir='ltr'><strong>clivo.</strong></span> 
     </span>
    </p>

    <p class='ocr_par' dir='ltr' id='par_1_8' title="bbox 146 2369 1013 3006">
     <span class='ocr_line' id='line_1_27' title="bbox 189 2369 1013 2448; baseline 0.005 -20"><span class='ocrx_word' id='word_1_167' title='bbox 189 2370 288 2442; x_wconf 88' lang='lat' dir='ltr'><strong>Nunc,</strong></span> <span class='ocrx_word' id='word_1_168' title='bbox 300 2370 460 2429; x_wconf 85' lang='lat' dir='ltr'><strong>venerenda</strong></span> <span class='ocrx_word' id='word_1_169' title='bbox 473 2369 565 2442; x_wconf 89' lang='lat' dir='ltr'><strong>Pales,</strong></span> <span class='ocrx_word' id='word_1_170' title='bbox 577 2390 683 2448; x_wconf 85' lang='lat' dir='ltr'><strong>magno</strong></span> <span class='ocrx_word' id='word_1_171' title='bbox 696 2391 772 2429; x_wconf 91' lang='lat' dir='ltr'><strong>nunc</strong></span> <span class='ocrx_word' id='word_1_172' title='bbox 785 2390 833 2429; x_wconf 91' lang='lat' dir='ltr'><strong>ore</strong></span> <span class='ocrx_word' id='word_1_173' title='bbox 846 2371 1013 2432; x_wconf 83' lang='lat' dir='ltr'><strong>sonandum.</strong></span> 
     </span>
     <span class='ocr_line' id='line_1_28' title="bbox 148 2443 841 2527; baseline 0.003 -21"><span class='ocrx_word' id='word_1_174' title='bbox 148 2443 297 2527; x_wconf 84' lang='lat' dir='ltr'><strong>Incipiens</strong></span> <span class='ocrx_word' id='word_1_175' title='bbox 310 2449 430 2508; x_wconf 83' lang='lat' dir='ltr'><strong>stabulis</strong></span> <span class='ocrx_word' id='word_1_176' title='bbox 443 2449 521 2509; x_wconf 90' lang='lat' dir='ltr'><strong>edico</strong></span> <span class='ocrx_word' id='word_1_177' title='bbox 534 2450 565 2508; x_wconf 90' lang='lat' dir='ltr'><strong>in</strong></span> <span class='ocrx_word' id='word_1_178' title='bbox 578 2450 710 2509; x_wconf 87' lang='lat' dir='ltr'><strong>mollibus</strong></span> <span class='ocrx_word' id='word_1_179' title='bbox 723 2450 841 2508; x_wconf 90' lang='lat' dir='ltr'><strong>herbam</strong></span> 
     </span>
     <span class='ocr_line' id='line_1_29' title="bbox 148 2527 943 2606; baseline 0.004 -20"><span class='ocrx_word' id='word_1_180' title='bbox 148 2527 274 2606; x_wconf 80' lang='lat' dir='ltr'><strong>Carpere</strong></span> <span class='ocrx_word' id='word_1_181' title='bbox 287 2549 361 2601; x_wconf 84' lang='lat' dir='ltr'><strong>oves,</strong></span> <span class='ocrx_word' id='word_1_182' title='bbox 375 2531 444 2588; x_wconf 89' lang='lat' dir='ltr'><strong>dum</strong></span> <span class='ocrx_word' id='word_1_183' title='bbox 457 2549 524 2588; x_wconf 86' lang='lat' dir='ltr'><strong>mox</strong></span> <span class='ocrx_word' id='word_1_184' title='bbox 536 2529 670 2589; x_wconf 87' lang='lat' dir='ltr'><strong>frondosa</strong></span> <span class='ocrx_word' id='word_1_185' title='bbox 681 2529 826 2588; x_wconf 78' lang='lat' dir='ltr'><strong>reducitur</strong></span> <span class='ocrx_word' id='word_1_186' title='bbox 838 2533 924 2589; x_wconf 84' lang='lat' dir='ltr'><strong>oestes</strong></span> <span class='ocrx_word' id='word_1_187' title='bbox 936 2557 943 2604; x_wconf 93' lang='lat'>;</span> 
     </span>
     <span class='ocr_line' id='line_1_30' title="bbox 146 2603 848 2687; baseline 0.003 -21"><span class='ocrx_word' id='word_1_188' title='bbox 146 2603 194 2666; x_wconf 77' lang='lat' dir='ltr'><strong>Et</strong></span> <span class='ocrx_word' id='word_1_189' title='bbox 206 2608 300 2666; x_wconf 89' lang='lat' dir='ltr'><strong>multe</strong></span> <span class='ocrx_word' id='word_1_190' title='bbox 312 2610 413 2667; x_wconf 89' lang='lat' dir='ltr'><strong>duram</strong></span> <span class='ocrx_word' id='word_1_191' title='bbox 425 2609 532 2686; x_wconf 88' lang='lat' dir='ltr'><strong>stipula</strong></span> <span class='ocrx_word' id='word_1_192' title='bbox 543 2609 705 2686; x_wconf 89' lang='lat' dir='ltr'><strong>filicumque</strong></span> <span class='ocrx_word' id='word_1_193' title='bbox 717 2609 848 2687; x_wconf 88' lang='lat' dir='ltr'><strong>maniplis</strong></span> 
     </span>
     <span class='ocr_line' id='line_1_31' title="bbox 148 2685 904 2767; baseline 0.007 -23"><span class='ocrx_word' id='word_1_194' title='bbox 148 2685 284 2748; x_wconf 84' lang='lat' dir='ltr'><strong>Sternere</strong></span> <span class='ocrx_word' id='word_1_195' title='bbox 297 2688 396 2748; x_wconf 89' lang='lat' dir='ltr'><strong>subter</strong></span> <span class='ocrx_word' id='word_1_196' title='bbox 408 2687 537 2761; x_wconf 90' lang='lat' dir='ltr'><strong>humum,</strong></span> <span class='ocrx_word' id='word_1_197' title='bbox 550 2688 690 2767; x_wconf 79' lang='lat' dir='ltr'><strong>glaciesne</strong></span> <span class='ocrx_word' id='word_1_198' title='bbox 702 2689 806 2767; x_wconf 79' lang='lat' dir='ltr'><strong>frigide</strong></span> <span class='ocrx_word' id='word_1_199' title='bbox 817 2689 904 2749; x_wconf 87' lang='lat' dir='ltr'><strong>laedat</strong></span> 
     </span>
     <span class='ocr_line' id='line_1_32' title="bbox 148 2763 950 2849; baseline 0.006 -25"><span class='ocrx_word' id='word_1_200' title='bbox 148 2763 243 2827; x_wconf 83' lang='lat' dir='ltr'><strong>Molle</strong></span> <span class='ocrx_word' id='word_1_201' title='bbox 255 2787 350 2846; x_wconf 85' lang='lat' dir='ltr'><strong>pecus,</strong></span> <span class='ocrx_word' id='word_1_202' title='bbox 364 2769 541 2846; x_wconf 85' lang='lat' dir='ltr'><strong>scabiemque</strong></span> <span class='ocrx_word' id='word_1_203' title='bbox 553 2769 626 2828; x_wconf 85' lang='lat' dir='ltr'><strong>feret</strong></span> <span class='ocrx_word' id='word_1_204' title='bbox 638 2771 791 2846; x_wconf 85' lang='lat' dir='ltr'><strong>turpesque</strong></span> <span class='ocrx_word' id='word_1_205' title='bbox 803 2769 950 2849; x_wconf 83' lang='lat' dir='ltr'><strong>podagras.</strong></span> 
     </span>
     <span class='ocr_line' id='line_1_33' title="bbox 149 2843 832 2926; baseline 0.003 -22"><span class='ocrx_word' id='word_1_206' title='bbox 149 2843 225 2906; x_wconf 90' lang='lat' dir='ltr'><strong>Post</strong></span> <span class='ocrx_word' id='word_1_207' title='bbox 237 2847 305 2907; x_wconf 91' lang='lat' dir='ltr'><strong>hino</strong></span> <span class='ocrx_word' id='word_1_208' title='bbox 318 2848 460 2926; x_wconf 84' lang='lat' dir='ltr'><strong>digressus</strong></span> <span class='ocrx_word' id='word_1_209' title='bbox 469 2848 555 2926; x_wconf 88' lang='lat' dir='ltr'><strong>jubeo</strong></span> <span class='ocrx_word' id='word_1_210' title='bbox 567 2847 729 2907; x_wconf 82' lang='lat' dir='ltr'><strong>frondentia</strong></span> <span class='ocrx_word' id='word_1_211' title='bbox 741 2849 832 2926; x_wconf 86' lang='lat' dir='ltr'><strong>capris</strong></span> 
     </span>
     <span class='ocr_line' id='line_1_34' title="bbox 150 2927 859 3006; baseline 0.006 -22"><span class='ocrx_word' id='word_1_212' title='bbox 150 2927 266 2986; x_wconf 87' lang='lat' dir='ltr'><strong>Arbute</strong></span> <span class='ocrx_word' id='word_1_213' title='bbox 278 2928 412 2999; x_wconf 86' lang='lat' dir='ltr'><strong>sufficere,</strong></span> <span class='ocrx_word' id='word_1_214' title='bbox 425 2932 455 2986; x_wconf 92' lang='lat' dir='ltr'><strong>et</strong></span> <span class='ocrx_word' id='word_1_215' title='bbox 468 2928 569 2987; x_wconf 89' lang='lat' dir='ltr'><strong>fluvios</strong></span> <span class='ocrx_word' id='word_1_216' title='bbox 581 2928 704 3006; x_wconf 83' lang='lat' dir='ltr'><strong>praebere</strong></span> <span class='ocrx_word' id='word_1_217' title='bbox 716 2932 859 2988; x_wconf 88' lang='lat' dir='ltr'><strong>recentes:</strong></span> 
     </span>
    </p>

    <p class='ocr_par' dir='ltr' id='par_1_9' title="bbox 150 3003 804 3086">
     <span class='ocr_line' id='line_1_35' title="bbox 150 3003 804 3086; baseline 0.003 -23"><span class='ocrx_word' id='word_1_218' title='bbox 150 3003 195 3064; x_wconf 79' lang='lat' dir='ltr'><strong>Et</strong></span> <span class='ocrx_word' id='word_1_219' title='bbox 207 3007 320 3066; x_wconf 81' lang='lat' dir='ltr'><strong>stabula</strong></span> <span class='ocrx_word' id='word_1_220' title='bbox 332 3027 350 3066; x_wconf 90' lang='lat' dir='ltr'><strong>e</strong></span> <span class='ocrx_word' id='word_1_221' title='bbox 361 3007 455 3066; x_wconf 90' lang='lat' dir='ltr'><strong>ventis</strong></span> <span class='ocrx_word' id='word_1_222' title='bbox 468 3008 587 3067; x_wconf 90' lang='lat' dir='ltr'><strong>hiberno</strong></span> <span class='ocrx_word' id='word_1_223' title='bbox 599 3028 739 3086; x_wconf 88' lang='lat' dir='ltr'><strong>opponere</strong></span> <span class='ocrx_word' id='word_1_224' title='bbox 751 3008 804 3067; x_wconf 90' lang='lat' dir='ltr'><strong>soli</strong></span> 
     </span>
    </p>

    <p class='ocr_par' dir='ltr' id='par_1_10' title="bbox 152 3086 937 4048">
     <span class='ocr_line' id='line_1_36' title="bbox 152 3086 899 3165; baseline 0.004 -22"><span class='ocrx_word' id='word_1_225' title='bbox 152 3086 200 3144; x_wconf 87' lang='lat' dir='ltr'><strong>Ad</strong></span> <span class='ocrx_word' id='word_1_226' title='bbox 211 3087 338 3145; x_wconf 90' lang='lat' dir='ltr'><strong>medium</strong></span> <span class='ocrx_word' id='word_1_227' title='bbox 350 3107 485 3146; x_wconf 88' lang='lat' dir='ltr'><strong>conversa</strong></span> <span class='ocrx_word' id='word_1_228' title='bbox 496 3087 581 3159; x_wconf 87' lang='lat' dir='ltr'><strong>diem,</strong></span> <span class='ocrx_word' id='word_1_229' title='bbox 594 3107 684 3164; x_wconf 90' lang='lat' dir='ltr'><strong>quum</strong></span> <span class='ocrx_word' id='word_1_230' title='bbox 698 3087 817 3165; x_wconf 79' lang='lat' dir='ltr'><strong>frigidus</strong></span> <span class='ocrx_word' id='word_1_231' title='bbox 830 3087 899 3146; x_wconf 93' lang='lat' dir='ltr'><strong>olim</strong></span> 
     </span>
     <span class='ocr_line' id='line_1_37' title="bbox 153 3163 869 3244; baseline 0.006 -22"><span class='ocrx_word' id='word_1_232' title='bbox 153 3163 176 3221; x_wconf 85' lang='lat' dir='ltr'>J</span> <span class='ocrx_word' id='word_1_233' title='bbox 175 3185 221 3224; x_wconf 88' lang='lat' dir='ltr'><strong>em</strong></span> <span class='ocrx_word' id='word_1_234' title='bbox 233 3167 311 3225; x_wconf 86' lang='lat' dir='ltr'><strong>cedit</strong></span> <span class='ocrx_word' id='word_1_235' title='bbox 324 3169 504 3243; x_wconf 88' lang='lat' dir='ltr'><strong>extremoque</strong></span> <span class='ocrx_word' id='word_1_236' title='bbox 516 3167 620 3225; x_wconf 83' lang='lat' dir='ltr'><strong>irroret</strong></span> <span class='ocrx_word' id='word_1_237' title='bbox 632 3168 774 3244; x_wconf 80' lang='lat' dir='ltr'><strong>Aquarius</strong></span> <span class='ocrx_word' id='word_1_238' title='bbox 786 3186 869 3226; x_wconf 91' lang='lat' dir='ltr'><strong>enno.</strong></span> 
     </span>
     <span class='ocr_line' id='line_1_38' title="bbox 152 3243 839 3323; baseline 0.003 -21"><span class='ocrx_word' id='word_1_239' title='bbox 152 3243 211 3304; x_wconf 84' lang='lat' dir='ltr'><strong>Hae</strong></span> <span class='ocrx_word' id='word_1_240' title='bbox 223 3265 335 3323; x_wconf 90' lang='lat' dir='ltr'><strong>qnoque</strong></span> <span class='ocrx_word' id='word_1_241' title='bbox 346 3266 405 3304; x_wconf 92' lang='lat' dir='ltr'><strong>non</strong></span> <span class='ocrx_word' id='word_1_242' title='bbox 418 3267 486 3306; x_wconf 90' lang='lat' dir='ltr'><strong>cure</strong></span> <span class='ocrx_word' id='word_1_243' title='bbox 497 3247 579 3306; x_wconf 90' lang='lat' dir='ltr'><strong>nobis</strong></span> <span class='ocrx_word' id='word_1_244' title='bbox 591 3247 695 3306; x_wconf 89' lang='lat' dir='ltr'><strong>leviore</strong></span> <span class='ocrx_word' id='word_1_245' title='bbox 707 3247 839 3320; x_wconf 80' lang='lat' dir='ltr'><strong>tuendae3</strong></span> 
     </span>
     <span class='ocr_line' id='line_1_39' title="bbox 154 3323 878 3404; baseline 0.006 -23"><span class='ocrx_word' id='word_1_246' title='bbox 154 3323 214 3384; x_wconf 85' lang='lat' dir='ltr'><strong>Nec</strong></span> <span class='ocrx_word' id='word_1_247' title='bbox 226 3325 321 3385; x_wconf 89' lang='lat' dir='ltr'><strong>minor</strong></span> <span class='ocrx_word' id='word_1_248' title='bbox 333 3347 402 3384; x_wconf 87' lang='lat' dir='ltr'><strong>usus</strong></span> <span class='ocrx_word' id='word_1_249' title='bbox 414 3327 486 3399; x_wconf 88' lang='lat' dir='ltr'><strong>erit;</strong></span> <span class='ocrx_word' id='word_1_250' title='bbox 506 3327 633 3403; x_wconf 86' lang='lat' dir='ltr'><strong>quamvis</strong></span> <span class='ocrx_word' id='word_1_251' title='bbox 647 3326 761 3386; x_wconf 80' lang='lat' dir='ltr'><strong>Milesia</strong></span> <span class='ocrx_word' id='word_1_252' title='bbox 773 3346 878 3404; x_wconf 81' lang='lat' dir='ltr'><strong>magno</strong></span> 
     </span>
     <span class='ocr_line' id='line_1_40' title="bbox 155 3403 801 3484; baseline 0.006 -23"><span class='ocrx_word' id='word_1_253' title='bbox 155 3403 264 3464; x_wconf 83' lang='lat' dir='ltr'><strong>Vellere</strong></span> <span class='ocrx_word' id='word_1_254' title='bbox 276 3408 426 3464; x_wconf 90' lang='lat' dir='ltr'><strong>mutentur</strong></span> <span class='ocrx_word' id='word_1_255' title='bbox 438 3406 541 3484; x_wconf 76' lang='lat' dir='ltr'><strong>Tyrios</strong></span> <span class='ocrx_word' id='word_1_256' title='bbox 552 3407 665 3466; x_wconf 85' lang='lat' dir='ltr'><strong>incocta</strong></span> <span class='ocrx_word' id='word_1_257' title='bbox 676 3407 801 3465; x_wconf 84' lang='lat' dir='ltr'><strong>rubores.</strong></span> 
     </span>
     <span class='ocr_line' id='line_1_41' title="bbox 154 3481 858 3565; baseline 0.001 -22"><span class='ocrx_word' id='word_1_258' title='bbox 154 3481 275 3544; x_wconf 87' lang='lat' dir='ltr'><strong>Densior</strong></span> <span class='ocrx_word' id='word_1_259' title='bbox 287 3485 355 3544; x_wconf 89' lang='lat' dir='ltr'><strong>hinc</strong></span> <span class='ocrx_word' id='word_1_260' title='bbox 368 3486 487 3557; x_wconf 87' lang='lat' dir='ltr'><strong>suboles,</strong></span> <span class='ocrx_word' id='word_1_261' title='bbox 499 3486 567 3544; x_wconf 90' lang='lat' dir='ltr'><strong>hinc</strong></span> <span class='ocrx_word' id='word_1_262' title='bbox 579 3487 652 3565; x_wconf 82' lang='lat' dir='ltr'><strong>largi</strong></span> <span class='ocrx_word' id='word_1_263' title='bbox 665 3486 745 3564; x_wconf 91' lang='lat' dir='ltr'><strong>copie</strong></span> <span class='ocrx_word' id='word_1_264' title='bbox 759 3486 858 3544; x_wconf 86' lang='lat' dir='ltr'><strong>lectis:</strong></span> 
     </span>
     <span class='ocr_line' id='line_1_42' title="bbox 155 3563 937 3644; baseline 0.003 -21"><span class='ocrx_word' id='word_1_265' title='bbox 155 3563 245 3636; x_wconf 76' lang='lat' dir='ltr'><strong>Quam</strong></span> <span class='ocrx_word' id='word_1_266' title='bbox 256 3564 350 3642; x_wconf 85' lang='lat' dir='ltr'><strong>megis</strong></span> <span class='ocrx_word' id='word_1_267' title='bbox 363 3565 500 3624; x_wconf 83' lang='lat' dir='ltr'><strong>exhausto</strong></span> <span class='ocrx_word' id='word_1_268' title='bbox 513 3565 686 3644; x_wconf 77' lang='lat' dir='ltr'><strong>spumaverit</strong></span> <span class='ocrx_word' id='word_1_269' title='bbox 699 3566 784 3626; x_wconf 86' lang='lat' dir='ltr'><strong>ubere</strong></span> <span class='ocrx_word' id='word_1_270' title='bbox 796 3565 919 3625; x_wconf 86' lang='lat' dir='ltr'><strong>mulctra</strong></span> <span class='ocrx_word' id='word_1_271' title='bbox 929 3591 937 3638; x_wconf 93' lang='lat'>;</span> 
     </span>
     <span class='ocr_line' id='line_1_43' title="bbox 155 3640 907 3722; baseline 0 -18"><span class='ocrx_word' id='word_1_272' title='bbox 155 3640 234 3704; x_wconf 65' lang='lat' dir='ltr'><strong>Icta</strong></span> <span class='ocrx_word' id='word_1_273' title='bbox 246 3645 339 3722; x_wconf 80' lang='lat' dir='ltr'><strong>magis</strong></span> <span class='ocrx_word' id='word_1_274' title='bbox 351 3645 454 3722; x_wconf 85' lang='lat' dir='ltr'><strong>pressis</strong></span> <span class='ocrx_word' id='word_1_275' title='bbox 466 3647 625 3704; x_wconf 84' lang='lat' dir='ltr'><strong>manebunt</strong></span> <span class='ocrx_word' id='word_1_276' title='bbox 636 3646 755 3704; x_wconf 86' lang='lat' dir='ltr'><strong>flumine</strong></span> <span class='ocrx_word' id='word_1_277' title='bbox 767 3646 907 3705; x_wconf 88' lang='lat' dir='ltr'><strong>mammis.</strong></span> 
     </span>
     <span class='ocr_line' id='line_1_44' title="bbox 154 3720 833 3803; baseline 0.004 -23"><span class='ocrx_word' id='word_1_278' title='bbox 154 3720 213 3783; x_wconf 82' lang='lat' dir='ltr'><strong>Nec</strong></span> <span class='ocrx_word' id='word_1_279' title='bbox 225 3724 322 3784; x_wconf 90' lang='lat' dir='ltr'><strong>minus</strong></span> <span class='ocrx_word' id='word_1_280' title='bbox 334 3724 443 3784; x_wconf 85' lang='lat' dir='ltr'><strong>interea</strong></span> <span class='ocrx_word' id='word_1_281' title='bbox 454 3725 555 3784; x_wconf 83' lang='lat' dir='ltr'><strong>barbas</strong></span> <span class='ocrx_word' id='word_1_282' title='bbox 567 3726 722 3803; x_wconf 79' lang='lat' dir='ltr'><strong>incanaque</strong></span> <span class='ocrx_word' id='word_1_283' title='bbox 735 3728 833 3784; x_wconf 85' lang='lat' dir='ltr'><strong>menta</strong></span> 
     </span>
     <span class='ocr_line' id='line_1_45' title="bbox 156 3800 819 3882; baseline 0.005 -21"><span class='ocrx_word' id='word_1_284' title='bbox 156 3800 288 3882; x_wconf 79' lang='lat' dir='ltr'><strong>cinyphii</strong></span> <span class='ocrx_word' id='word_1_285' title='bbox 298 3803 422 3863; x_wconf 87' lang='lat' dir='ltr'><strong>tondent</strong></span> <span class='ocrx_word' id='word_1_286' title='bbox 436 3803 510 3863; x_wconf 88' lang='lat' dir='ltr'><strong>hirci</strong></span> <span class='ocrx_word' id='word_1_287' title='bbox 522 3807 661 3882; x_wconf 82' lang='lat' dir='ltr'><strong>saetnsquc</strong></span> <span class='ocrx_word' id='word_1_288' title='bbox 673 3808 819 3864; x_wconf 87' lang='lat' dir='ltr'><strong>comantes</strong></span> 
     </span>
     <span class='ocr_line' id='line_1_46' title="bbox 155 3878 897 3956; baseline 0.005 -18"><span class='ocrx_word' id='word_1_289' title='bbox 155 3878 244 3942; x_wconf 84' lang='lat' dir='ltr'><strong>Usum</strong></span> <span class='ocrx_word' id='word_1_290' title='bbox 256 3882 289 3942; x_wconf 92' lang='lat' dir='ltr'><strong>in</strong></span> <span class='ocrx_word' id='word_1_291' title='bbox 301 3886 468 3956; x_wconf 74' lang='lat' dir='ltr'><strong>castrorum,</strong></span> <span class='ocrx_word' id='word_1_292' title='bbox 481 3887 512 3943; x_wconf 87' lang='lat' dir='ltr'><strong>et</strong></span> <span class='ocrx_word' id='word_1_293' title='bbox 524 3884 633 3944; x_wconf 86' lang='lat' dir='ltr'><strong>miseris</strong></span> <span class='ocrx_word' id='word_1_294' title='bbox 642 3884 782 3943; x_wconf 81' lang='lat' dir='ltr'><strong>velamine</strong></span> <span class='ocrx_word' id='word_1_295' title='bbox 793 3883 897 3944; x_wconf 87' lang='lat' dir='ltr'><strong>nentis.</strong></span> 
     </span>
     <span class='ocr_line' id='line_1_47' title="bbox 155 3956 782 4048; baseline 0.018 -31"><span class='ocrx_word' id='word_1_296' title='bbox 155 3956 313 4023; x_wconf 73' lang='lat' dir='ltr'><strong>Pascuntur</strong></span> <span class='ocrx_word' id='word_1_297' title='bbox 325 3982 392 4025; x_wconf 83' lang='lat' dir='ltr'><strong>vere</strong></span> <span class='ocrx_word' id='word_1_298' title='bbox 402 3963 488 4023; x_wconf 79' lang='lat' dir='ltr'><strong>sr‘ives</strong></span> <span class='ocrx_word' id='word_1_299' title='bbox 500 3966 532 4024; x_wconf 85' lang='lat' dir='ltr'><strong>ot</strong></span> <span class='ocrx_word' id='word_1_300' title='bbox 542 3984 656 4027; x_wconf 86' lang='lat' dir='ltr'><strong>summe</strong></span> <span class='ocrx_word' id='word_1_301' title='bbox 672 3963 782 4048; x_wconf 78' lang='lat' dir='ltr'><strong>Lyoaei,</strong></span> 
     </span>
    </p>
   </div>
   <div class='ocr_carea' id='block_1_5' title="bbox 0 0 1264 4298">
    <p class='ocr_par' dir='ltr' id='par_1_11' title="bbox 0 0 1264 4298">
     <span class='ocr_line' id='line_1_48' title="bbox 0 0 1264 4298; baseline 0 0"><span class='ocrx_word' id='word_1_302' title='bbox 0 0 1264 4298; x_wconf 95' lang='lat' dir='ltr'><strong> </strong></span> 
     </span>
    </p>
   </div>
  </div>
 </body>
</html>
