2506 4298
452 235 594 290 arvernos
608 236 671 279 ms.
685 239 722 280 11.
903 199 907 209 ¹
1001 228 1058 287 135

107 377 233 437 Adversi
245 379 331 455 rupto
345 397 397 436 ceu
410 379 553 454 quondam
565 380 680 439 turbine
693 380 774 440 venti
882 375 937 438 ak
945 361 1019 441 ‘lta
1038 388 1080 444 :J

108 458 288 536 Oonfiigrmt,
302 457 513 536 Zephyrusque,
526 459 687 537 Notusque,
701 464 731 518 et
744 461 826 520 latus
840 462 911 523 Eois

109 539 208 596 Eurus
222 537 317 615 equis:
339 537 466 596 stridunt
480 538 566 611 silvae,
580 540 716 617 saevitque
729 541 850 600 tridenti

109 618 251 694 Spumeus
265 619 351 694 atque
363 616 422 675 imo
434 617 546 676 Nereus
560 619 616 677 ciet
631 640 746 697 aequora
759 621 857 681 fundo.
954 646 965 668 ¹

108 697 173 782 Illy
179 697 276 768 etiam,
289 696 314 754 si
327 716 397 774 quos
412 696 530 756 obscura
542 702 627 757 nocte
640 720 690 776 per
702 701 835 759 umbram
930 700 952 751 l,

110 776 252 834 Pudimus
265 775 384 848 insidiis,
396 779 515 854 totaque
528 778 699 855 agitavimus
713 781 791 854 urbe,

110 857 277 934 Apparent3
296 855 382 933 primi
395 856 498 933 clipeos
512 858 689 936 mentitaque
702 860 761 918 tela

110 937 291 1014 Agnoscunt,
306 938 392 1014 atque
405 956 454 994 ora
466 957 535 995 sono
548 937 688 996 discordia
700 939 825 1016 signant.

111 1015 198 1075 ilicet
212 1015 358 1075 obruimur
370 1035 505 1075 numero:
525 1016 689 1095 primusque
703 1018 840 1078 coroebus

112 1095 229 1155 Penelei
242 1096 343 1154 dextra
355 1095 429 1153 divae
443 1096 641 1174 armipotentis
655 1099 691 1157 ad
704 1119 782 1157 aram

112 1175 298 1248 Procumbit;
318 1175 395 1233 cadit
409 1179 439 1233 et
452 1175 590 1253 Rhipeus,
599 1176 776 1254 justissimus
789 1199 863 1238 unus

113 1255 170 1327 Qui
182 1255 239 1314 fuit
251 1255 283 1313 in
296 1254 421 1327 Teucris,
434 1259 464 1313 et
478 1257 705 1316 servantissimus
720 1258 809 1335 aequi:

38 1351 81 1392 ψ
111 1334 167 1393 Dis
180 1335 263 1393 aliter
275 1334 378 1392 visum.
418 1334 545 1394 Pereunt
558 1336 748 1414 Hypanisque
762 1338 937 1416 Dymasque,

113 1414 226 1473 Confixi
239 1434 256 1472 a
269 1414 368 1486 sociis;
388 1434 440 1473 nec
453 1418 484 1474 te
497 1419 549 1474 tua
561 1416 692 1493 plurima,
706 1417 834 1492 Panthu,

112 1493 272 1553 Labentem
284 1494 384 1570 pietas,
398 1513 450 1552 nec
463 1495 605 1572 Apollinis
618 1496 709 1555 infula
720 1497 804 1556 texit.

112 1573 196 1632 Iliaci
209 1574 324 1646 eineres,
337 1577 367 1632 et
380 1573 496 1632 flamma
508 1579 635 1634 extrema
646 1596 783 1649 meorum,

113 1653 225 1726 Testor,
238 1653 269 1711 in
282 1673 382 1712 occasu
394 1657 491 1713 vestro
503 1674 555 1714 nec
568 1656 626 1714 tela
638 1676 691 1714 neo
704 1656 776 1714 ullas

111 1731 256 1792 Vitavisse
269 1732 344 1791 vices
358 1732 508 1807 Danaum;
528 1738 558 1793 et
572 1735 596 1793 si
608 1736 669 1794 fata
681 1735 811 1807 fuissent,

112 1812 158 1870 Ut
170 1813 307 1883 caderem,
321 1813 456 1872 meruisse
468 1835 564 1873 manu.
605 1815 776 1874 Divellimur
788 1815 871 1874 inde:

113 1892 231 1970 Iphitus
244 1897 275 1952 et
288 1892 380 1951 Pelias
393 1913 522 1966 mecum3
543 1915 664 1971 quorum
677 1894 793 1972 Iphitus
808 1915 870 1953 aevo

112 1972 135 2030 J
136 1992 183 2030 am
195 1973 317 2050 gravior,
331 1972 424 2031 Pelias
437 1976 467 2032 et
480 1974 596 2034 vulnere
608 1975 708 2033 tardus
722 1974 820 2047 Ulixi3

112 2052 251 2110 Protinus
264 2053 301 2111 ad
314 2052 393 2111 sedes
407 2052 516 2111 Priami
528 2054 649 2113 clamore
661 2053 765 2112 vocati.

113 2131 174 2190 Hic
186 2152 253 2190 vero
266 2132 413 2212 ingentem
425 2153 561 2211 pugnam,
575 2154 626 2192 ceu
639 2137 733 2193 cetera
744 2153 885 2210 nusquam

10 2199 97 2285 M(
113 2211 197 2276 Bella
208 2212 311 2285 forent,
324 2211 397 2271 nulli
408 2211 478 2270 toea
486 2217 664 2272 morerentur
676 2214 707 2272 iu
720 2214 799 2285 urbe,

114 2290 162 2350 sa
175 2291 302 2350 mrem
315 2291 497 2364 incomitum,
511 2293 682 2369 Danaosque
695 2293 823 2365 messa
834 2294 949 2352 menses
987 2271 1040 2376 le

113 2369 273 2444 Cernimus,
286 2372 487 2449 obsessumque
500 2375 564 2431 acta
576 2372 722 2431 testudine
734 2372 831 2431 limen.
847 2394 879 2426 a·
897 2371 920 2418 'u
941 2404 1012 2427 aaa

111 2449 238 2509 Haerent
251 2451 406 2529 parietibus
419 2451 512 2524 scalae,
525 2455 677 2530 postesque
690 2453 744 2510 sub
757 2446 833 2528 ip'sos

20 2520 81 2605 „l
113 2529 260 2609 Nitimtur
272 2530 417 2608 gradibus,
429 2531 589 2608 clipeosque
602 2533 638 2591 ad
650 2531 710 2590 tela
722 2531 844 2590 sinistris
860 2590 868 2610 ²,
938 2587 941 2593 .

10 2608 25 2617 ''
113 2609 245 2669 Protecti
258 2611 404 2690 objiciunt,
417 2615 553 2688 prensant
566 2611 682 2689 fastigia
695 2610 811 2670 dextris.
842 2637 873 2681 μ
925 2620 929 2639 ’·
952 2664 955 2671 ,
968 2654 971 2659 .
988 2654 991 2661 .
1007 2656 1015 2667 Α.
1032 2614 1051 2683 «j.

112 2688 285 2749 Dardanidae
298 2694 398 2750 contra
409 2693 503 2750 turres
516 2711 548 2750 ac
560 2693 639 2750 tecta
652 2692 802 2750 domorum

113 2767 249 2829 cumina
260 2771 439 2830 convellunt:
459 2770 505 2829 his
518 2790 557 2843 se,
571 2771 683 2849 quando
696 2770 801 2829 ultima
813 2772 942 2842 cernunt,

113 2833 256 2908 Extremi
261 2849 324 2928 jam
336 2851 368 2909 in
380 2853 474 2909 morte
486 2854 589 2928 parant
602 2851 750 2910 defendere
762 2849 837 2920 telis,

113 2928 294 3007 Auratasque
306 2931 411 3002 trabes,
424 2932 555 2989 veterum
567 2927 669 2990 decdra
681 2931 740 2989 alta
751 2931 911 3007 pareutum,
943 3000 946 3007 Ι
1195 2978 1201 2989 ,
1232 2990 1236 3001 ,,

113 3007 298 3069 Devolvunt:
318 3010 367 3068 alii
379 3009 487 3069 strictis
500 3011 683 3070 mucronibus
695 3011 767 3068 imas
800 3008 833 3077 λ’,
846 3044 852 3067 s
867 2996 886 3063 ἵ
902 3052 907 3061 .
935 3026 944 3067 t
987 3039 1004 3053 ·-
1019 3048 1024 3057 ·
1069 3003 1108 3063 «Ἄ
1128 3052 1135 3057 -
1151 3034 1155 3045 ’
1181 3034 1198 3043 ··

113 3086 257 3147 Obsedere
270 3089 359 3162 fores;
379 3088 431 3148 has
444 3091 559 3149 servant
572 3090 686 3168 agmine
699 3090 795 3148 denso.
920 3087 926 3105 '
1182 3136 1185 3141 -
1232 3142 1236 3151 .

112 3166 275 3226 Instaurati
287 3168 384 3241 animi,
396 3169 472 3247 regis
485 3190 646 3243 succurrere
658 3169 753 3241 tectis,
770 3172 825 3226 a(
841 3186 920 3224 ca
932 3208 944 3225 1
959 3194 985 3241 ,τι
1017 3178 1083 3222 rm
1103 3166 1206 3199 Μ’·
1222 3172 1236 3191 ”·

112 3246 286 3325 Auxilioque
298 3249 391 3308 levare
403 3249 489 3322 viros,
501 3249 616 3327 vimque
628 3249 731 3308 addere
742 3246 835 3306 victis.
1186 3314 1191 3327 ¹

155 3330 172 3358 ‘⁶
181 3326 284 3386 Limen
296 3330 366 3402 erat,
380 3348 513 3406 oaecaeque
526 3330 608 3402 fores,
621 3331 652 3388 et
664 3327 778 3406 pervius
790 3347 860 3386 usus
886 3356 890 3365 ,
911 3348 929 3369 ι·
962 3339 966 3345 ’
981 3374 986 3381 .
1006 3358 1012 3367 ··
1027 3352 1052 3377 ==-
1086 3354 1123 3381 ιιι-
1137 3360 1141 3367 ·
1156 3355 1165 3368 ⁶
1178 3358 1182 3363 ·
1207 3364 1218 3385 r

114 3405 270 3466 'l’ectorum
282 3407 360 3467 inter
372 3429 403 3468 se
416 3408 533 3479 Priami,
546 3413 698 3488 postesque
711 3406 805 3467 relicti

114 3487 144 3544 A
156 3489 256 3564 tergo3
275 3486 374 3547 infelix
387 3477 447 3566 quii
455 3508 494 3562 se,
508 3489 577 3547 dum
590 3509 679 3567 regna
690 3488 854 3558 manebant,

116 3565 227 3645 Saepius
240 3568 440 3627 Andromache
453 3569 525 3628 ferre
538 3569 706 3628 incomitata
719 3568 827 3627 solebat

52 3634 59 3649 ⁸
113 3647 165 3707 Ad
175 3666 295 3720 soceros,
309 3650 340 3706 et
353 3667 406 3707 avo
418 3668 539 3725 puerum
551 3650 731 3728 Astyanacta
743 3646 885 3707 trahebat.

113 3725 217 3786 Evado
230 3727 268 3786 ad
280 3727 386 3786 summi
397 3728 513 3806 fastigia
526 3729 666 3807 culminis,
679 3728 755 3787 unde

117 3805 188 3866 'Pela
198 3825 289 3866 manu
301 3807 397 3866 miseri
405 3807 556 3901 jactabant
568 3803 651 3867 irrita
663 3807 774 3866 Teucri.

114 3885 241 3959 Turrim,
254 3886 286 3945 in
297 3887 441 3966 precipiti
453 3891 581 3947 stantem
593 3887 768 3964 summisque
781 3885 835 3962 sub
848 3886 926 3943 astra

114 3965 262 4027 Eductam
274 3967 367 4041 tectis,
381 3967 457 4028 rande
468 3967 562 4028 omnis
576 3967 663 4050 Proja
674 3965 777 4045 videri,
