2506 4298
467 214 609 257 AENEIDOS
622 214 684 256 IaIB.
700 215 744 256 11.

131 353 264 414 Necnon
278 355 428 433 Messapus
442 359 550 428 contra,
564 356 720 432 celeresque
734 357 841 431 Latini,

130 433 173 492 Et
187 455 254 493 cum
267 435 354 494 fratre
369 435 464 509 Coras,
478 440 508 495 et
521 437 640 514 virginis
653 437 699 495 ala
712 436 846 510 Camillae,

130 515 252 574 Adversi
265 536 365 592 campo
378 520 524 592 apparent,
537 516 689 594 hastasque
702 517 826 575 reductis

131 594 314 653 Protendunt
326 596 411 672 longe
425 596 540 667 dextris,
555 600 584 654 et
598 596 705 673 spicula
717 596 848 668 vibrant3

130 674 337 751 Adventusque
349 674 444 732 virum
456 676 641 753 fremitusque
655 676 775 734 ardescit
788 696 933 753 equorum.

131 753 255 831 Jamque
268 755 346 812 intra
353 755 466 832 jactum
478 755 530 813 teli
542 775 707 832 progressus
721 759 839 833 uterque

132 833 324 892 substiterat:
346 835 441 893 subito
455 841 609 912 erumpunt
622 837 751 907 clamore,
765 836 974 914 frementesquc

130 912 332 972 Exhortantur
345 933 448 990 equos3
468 914 593 972 fundunt
607 915 692 972 simul
704 915 828 993 undique
842 916 900 975 tela

131 991 237 1052 Crebra
249 993 323 1051 nivis
336 993 404 1064 ritu,
418 994 577 1069 coelumque
590 995 735 1052 obteritur
748 979 858 1054 umbri.

131 1072 276 1131 Continuo
289 1073 412 1131 adversis
426 1073 591 1151 Tyrrhenus
604 1077 634 1132 ct
647 1094 710 1132 acer
723 1075 869 1134 Aconteus

132 1151 255 1210 Connixi
266 1152 416 1210 incurrunt
429 1153 529 1223 hastis,
542 1153 681 1230 primique
694 1153 807 1212 ruinam

131 1231 214 1290 Dant
227 1232 324 1290 sonitu
337 1225 457 1310 ingenti,
471 1232 664 1310 perfractaque
678 1233 944 1311 quadrupedantum

130 1310 253 1370 Pectora
264 1314 426 1390 pectoribus
439 1315 584 1389 rumpunt.
626 1313 769 1370 Excussus
783 1315 930 1372 Aconteus

131 1389 273 1449 Fulminis
286 1391 317 1449 in
330 1412 447 1464 morem,
461 1396 511 1450 aut
524 1395 669 1450 tormento
682 1393 813 1469 ponderis
828 1393 893 1465 acti,

131 1469 298 1548 Praeoipitat
311 1471 403 1549 longe,
418 1476 447 1529 et
460 1472 550 1531 vitam
564 1471 702 1549 dispergit
715 1472 746 1529 in
759 1492 849 1530 auras.

131 1549 287 1628 Extemplo
301 1550 426 1609 turbatae
439 1550 520 1623 acies,
533 1551 662 1628 versique
675 1551 773 1610 Latini

131 1628 279 1707 Rejioiunt
291 1650 412 1707 parmas,
426 1634 456 1689 et
470 1651 556 1708 equos
571 1630 607 1688 ad
619 1631 725 1689 moenia
737 1633 865 1689 vertunt.

132 1709 221 1768 Troes
235 1713 343 1786 agunt3
362 1711 492 1787 princeps
506 1714 615 1769 turmas
628 1710 739 1768 inducit
752 1711 826 1788 Asyl
859 1755 865 1767 .

131 1788 154 1846 J
154 1809 256 1866 amque
268 1789 496 1867 propinquabant
509 1790 608 1867 portis,
621 1809 773 1867 rursusque
786 1790 886 1848 Latini

132 1868 292 1927 Clamorem
305 1869 422 1941 tollunt,
435 1873 465 1928 et
478 1869 575 1928 mollia
587 1870 659 1928 colla
671 1871 840 1942 reflectunt3

132 1948 176 2005 Hi
188 1949 313 2026 lugiunt,
326 1949 496 2026 penitusque
509 1949 584 2007 datis
597 1949 759 2008 referuntur
772 1949 898 2008 habenis.

132 2028 231 2100 Qualis
244 2029 294 2087 ubi
307 2028 416 2087 alterno
430 2049 596 2106 procurrens
609 2029 725 2107 gurgite
737 2032 844 2106 pontus

130 2107 218 2166 Nunc
231 2108 291 2167 ruit
304 2109 341 2166 ad
352 2112 452 2181 terras,
466 2108 648 2186 scopulosque
662 2108 813 2186 superjacit
826 2108 931 2166 undam

132 2188 280 2264 Spumeus,
294 2191 505 2265 extremamque
519 2189 583 2247 sinu
595 2189 741 2266 perfundit
755 2207 885 2260 arenam;

130 2266 219 2326 Nunc
232 2267 345 2345 rapidus
359 2272 444 2340 retro,
458 2271 543 2345 atque
557 2273 631 2327 aestu
643 2269 772 2327 revoluta
784 2269 930 2327 resorbens

131 2347 205 2406 Saxa
217 2347 302 2425 fugit,
315 2348 440 2425 litusque
452 2348 525 2407 vado
537 2348 651 2408 labente
664 2348 808 2425 relinquit.

130 2427 184 2485 Bis
198 2427 285 2486 'ibisci
297 2427 423 2486 Rutulos
436 2448 518 2506 egere
531 2429 568 2486 ad
580 2429 686 2487 moenia
698 2448 809 2487 versos:

130 2507 183 2565 Bis
196 2507 294 2585 rejecti
306 2507 392 2565 armis
404 2511 566 2585 respectant
579 2511 662 2587 terga
673 2512 814 2586 tegentes.

132 2586 231 2646 Tertia
244 2587 294 2645 sed
306 2590 458 2664 postquam
472 2588 615 2666 congressi
627 2589 658 2646 in
672 2588 777 2666 proelia,
791 2589 869 2645 totas

130 2664 301 2744 Implicuere
314 2667 389 2725 inter
403 2688 433 2726 se
446 2667 526 2739 acies,
540 2668 666 2745 legitque
679 2668 773 2724 virum
785 2666 846 2724 vir:

131 2745 209 2804 Tum
221 2766 287 2805 vero
301 2750 331 2805 et
344 2747 468 2825 gemitus
482 2747 663 2816 morientum,
677 2751 707 2805 et
721 2745 858 2823 sanguine
871 2745 902 2803 in
915 2745 973 2804 alto

130 2825 284 2903 Armaque,
298 2846 476 2903 corporaque,
490 2829 521 2884 et
533 2826 667 2902 permixti
680 2826 758 2883 caede
771 2824 898 2882 virorum

130 2904 304 2964 Semanimes
317 2907 473 2965 volvuntur
486 2906 567 2982 equi;
586 2925 684 2982 pugna
697 2924 795 2982 aspera
808 2904 909 2981 surgit.

130 2984 294 3044 Orsilochus
308 2985 432 3057 Remuli,
446 2986 558 3062 quando
571 2984 666 3062 ipsum
679 2984 814 3042 horrebat
827 2984 913 3054 adire,

14 3089 27 3110 ·
130 3064 256 3124 Hastam
269 3065 385 3123 intorsit
399 3085 479 3142 eque,
492 3066 653 3142 ferrumque
666 3065 719 3122 sub
732 3084 799 3122 aure
811 3062 941 3141 rehquit:

130 3144 194 3216 Quo
208 3145 319 3222 sonipes
332 3145 393 3204 ictu
406 3145 476 3203 furit
489 3145 602 3216 arduus,
616 3144 729 3221 altaque
737 3144 830 3222 jactat

129 3225 263 3283 Vulneris
276 3225 427 3303 impatiens
441 3228 550 3284 arrecto
564 3228 677 3302 pectore
690 3244 780 3282 crura.

129 3303 264 3363 Volvitur
276 3305 324 3364 ille
337 3325 470 3364 excussus
482 3304 573 3362 humi.
614 3303 735 3362 Catillus
749 3302 850 3374 Iollan,

130 3383 340 3462 Ingentemque
354 3385 464 3458 animis,
477 3384 625 3463 ingentem
638 3403 754 3460 corpore
767 3386 797 3441 et
811 3381 896 3441 armis

129 3463 238 3541 Dejioit
251 3464 452 3538 Herminium3
472 3465 549 3524 nudo
563 3465 610 3522 eui
623 3464 728 3522 vertice
741 3463 820 3521 fulva

129 3541 271 3615 Caesaries,
285 3544 409 3621 nudique
422 3544 550 3616 humeri;
570 3565 621 3603 nec
634 3544 751 3602 vulnera
762 3543 890 3613 terrent;

130 3622 241 3682 Tantus
255 3625 287 3681 in
300 3644 378 3682 arma
390 3627 480 3701 patet.
522 3626 610 3683 Latos
624 3624 690 3682 huic
703 3623 788 3681 hasta
801 3641 851 3699 per
864 3641 957 3679 armos

128 3703 206 3762 Acta
218 3704 326 3777 tremit,
340 3704 520 3782 duplicatque
533 3703 627 3762 virum
639 3703 776 3762 transfixa
789 3701 892 3761 dolore.

129 3782 275 3842 Funditur
288 3787 350 3842 ater
362 3784 467 3861 ubique
481 3804 578 3843 cruor:
600 3783 670 3841 dant
683 3783 783 3840 lunera
795 3781 869 3841 ferro

128 3862 279 3923 Certantes
292 3863 496 3940 pulchramque
508 3865 613 3942 petunt
626 3883 676 3939 per
687 3861 805 3920 vulnera
816 3862 948 3920 mortem.

167 3944 210 4003 At
222 3943 330 4004 medias
342 3943 418 4003 inter
430 3943 523 4004 cades
536 3942 819 4016 exsultatAmaaon,
