2506 4298
437 227 581 270 AENFIDOS
594 228 657 269 ΗΒ.
671 228 729 269 XII.

111 372 173 430 Dat
186 369 327 449 gemitum
338 369 440 429 tellus:
460 373 525 429 tum
539 371 650 429 crebros
663 370 776 429 ensibus
788 370 864 428 ictus

112 450 330 528 Congeminant.
370 450 443 508 Fors
457 454 487 509 et
500 451 592 508 virtus
605 451 761 509 miscentur
774 451 805 508 in
817 470 917 509 unum.

111 532 155 589 Ac
169 530 250 590 velut
262 530 374 607 ingenti
387 530 446 589 Sila
459 550 605 589 summove
619 531 752 588 Taburno

112 611 209 683 Quum
222 610 279 667 duo
292 610 433 668 conversis
446 610 561 668 inimica
573 610 604 668 in
616 609 717 686 proelia
729 609 806 668 tauri

112 690 269 748 Frontibus
283 689 441 761 incurrunt,
454 690 549 767 paridi
562 709 668 749 cessero
681 689 830 767 magistri3

112 770 178 828 Stat
190 789 275 847 pecus
289 789 372 827 omne
384 770 465 827 metu
477 773 600 842 mutum,
609 773 794 847 mussantque
801 769 940 846 juvencae,

113 849 182 923 Quis
196 849 305 908 nemori
317 848 470 926 imperitet,
484 870 570 927 quem
582 853 646 908 tota
659 856 787 908 armenta
799 853 971 926 sequantur;

113 929 164 996 IlJi
175 929 252 987 inter
265 949 324 986 sese
337 929 429 986 multa
442 930 471 986 vi
484 930 602 987 uulnera
614 930 744 1001 miscent,

113 1007 280 1085 Cornuaque
294 1008 390 1066 obnixi
402 1008 537 1085 infigunt,
551 1015 581 1067 et
594 1010 731 1085 sanguine
744 1009 823 1086 largo

113 1087 193 1146 Colla
206 1108 354 1166 armosque
366 1088 480 1159 lavant3
501 1088 612 1166 gemitu
624 1109 725 1147 nemus
738 1108 822 1146 omne
835 1086 978 1166 remugit:

112 1168 203 1226 Haud
216 1168 298 1226 aliter
311 1169 383 1226 Tros
397 1168 503 1226 AEneas
517 1171 546 1226 et
560 1168 691 1225 Daunius
705 1168 787 1226 heros

113 1247 293 1306 Concurrunt
308 1247 403 1324 clipeis
414 1272 420 1319 ;
441 1248 541 1325 ingens
555 1248 651 1324 fragor
663 1247 772 1305 aethera
785 1246 917 1323 complet.

113 1327 229 1404 Jupiter
241 1327 301 1404 ipse
315 1328 384 1384 duas
398 1330 510 1404 aequato
524 1328 652 1386 examine
664 1326 758 1385 lances

114 1407 251 1478 Sustinet,
265 1410 295 1465 et
308 1407 368 1465 fata
380 1407 503 1484 imponit
517 1407 627 1465 diversa
640 1407 769 1478 duorum,

114 1487 205 1559 Quem
219 1487 335 1545 damnet
348 1486 436 1558 labor,
450 1490 480 1545 et
494 1508 549 1564 quo
563 1490 664 1564 vergat
676 1487 799 1563 pondere
811 1485 912 1544 letum.

112 1565 229 1624 Fmicat
242 1566 298 1638 hic,
311 1567 428 1643 impune
440 1571 554 1643 putans,
568 1569 598 1624 et
612 1587 726 1644 corpore
739 1570 803 1625 toto

113 1647 181 1704 Alte
195 1647 341 1704 sublatum
355 1648 502 1724 consurgit
516 1647 630 1704 Turnus
643 1648 674 1704 in
687 1666 792 1717 ensem,

113 1726 156 1784 Et
169 1726 244 1784 ferit.
285 1724 457 1784 Exclamant
471 1727 560 1785 Troes
574 1726 734 1803 trepidique
746 1725 854 1796 Latini,

113 1805 298 1881 Arrectaeque
311 1805 460 1863 amborum
474 1806 555 1864 acies.
596 1807 638 1864 At
651 1807 775 1884 perfidus
789 1805 863 1863 ensis

114 1885 280 1962 Frangitur,
293 1885 323 1943 in
336 1885 485 1961 medioque
498 1887 645 1944 ardentem
658 1886 762 1944 deserit
774 1885 852 1943 ictu:

113 1965 155 2022 Ni
168 1966 237 2042 suga
250 1965 375 2023 subsidio
388 1966 497 2024 subeat.
538 1966 629 2043 Fugit
643 1967 718 2024 ocior
731 1985 807 2036 eure,

68 2053 71 2076 '
113 2044 158 2102 Ut
172 2045 305 2121 capulum
318 2045 452 2123 ignotum
465 2046 650 2122 dextramque
663 2045 772 2122 aspexit
784 2045 930 2102 inermem.

114 2124 205 2182 Fama
219 2127 271 2195 est,
284 2125 467 2202 praecipitem,
482 2145 571 2201 quum
584 2124 676 2201 prima
688 2125 718 2182 in
731 2123 831 2201 proelia
838 2124 955 2202 junctos

85 2278 86 2285 ἵ
115 2203 329 2262 Conscendebat
343 2224 438 2280 equos,
452 2204 545 2281 patrio
558 2224 694 2262 mucrone
706 2204 815 2274 relicto,

114 2283 195 2341 Dum
208 2284 342 2361 trepidat,
355 2283 463 2342 ferrum
476 2283 582 2360 aurigae
595 2284 721 2361 rapuisse
734 2282 868 2355 Metisci3

115 2363 207 2440 ldque
221 2364 278 2435 diu,
293 2364 361 2421 dum
374 2366 457 2441 terga
470 2363 577 2421 dabant
590 2364 717 2440 palantia
729 2363 839 2435 Teucri,

74 2496 77 2519 ‚
115 2443 251 2501 Suffecit:
272 2447 424 2519 postquam
438 2464 517 2502 arma
530 2444 575 2502 dei
590 2445 626 2502 ad
639 2444 778 2503 Vulcania
790 2445 919 2513 ventum,

115 2523 249 2581 Mortalis
263 2543 370 2595 mucro,
384 2524 487 2601 glacies
501 2544 553 2582 ceu
565 2524 665 2595 futilis,
678 2527 740 2583 ictu

116 2602 271 2660 Dissiluit:
292 2602 370 2660 fulva
382 2604 564 2679 resplendent
577 2605 719 2681 fragmina
732 2623 825 2662 arena.

115 2683 196 2759 Ergo
210 2702 305 2740 amens
319 2681 430 2740 diversa
442 2684 511 2761 fuga
523 2683 598 2759 petit
611 2703 725 2761 aeqnora
737 2683 867 2753 Turnus3

115 2762 159 2819 Et
172 2782 247 2820 nunc
261 2763 325 2834 huc,
338 2762 405 2819 inde
417 2762 474 2820 huc
487 2763 610 2820 incertos
623 2762 751 2839 implicat
764 2763 853 2820 orbes.

116 2841 251 2919 Undique
265 2842 341 2899 enim
355 2842 441 2900 densa
454 2841 558 2899 Teucri
570 2841 707 2900 inclusere
720 2861 840 2912 corona3

116 2923 213 2997 Atque
226 2922 294 2979 hinc
307 2924 389 2979 vasta
401 2920 491 2998 palus,
504 2920 571 2979 hinc
585 2922 673 2979 ardua
685 2921 790 2979 moenia
803 2920 932 2998 cingunt.

155 3002 219 3059 Nec
232 3002 327 3058 minus
341 3000 454 3071 AEneas,
468 3020 628 3077 quanquam
642 3001 757 3059 tardata
768 3001 876 3078 sagitta

117 3081 268 3139 Interdum
281 3100 375 3158 genna
386 3081 546 3156 impediunt
559 3101 727 3158 cursumque
739 3081 880 3151 recusant,

117 3161 292 3237 Insequitur,
305 3160 464 3237 trepidique
477 3160 579 3238 pedem
591 3162 662 3237 pede
676 3159 799 3219 fervidus
813 3162 913 3236 urget:

118 3239 265 3299 Inclusum
278 3240 369 3298 veluti
382 3239 406 3297 si
420 3240 532 3315 quando
545 3240 663 3299 flumine
676 3243 778 3298 nactus

118 3319 250 3392 Oervnm,
264 3322 315 3377 aut
328 3319 453 3396 puniceae
467 3322 581 3396 septum
595 3320 745 3378 formidine
759 3339 868 3397 pennae,

117 3399 245 3458 Venator
258 3419 343 3457 cursu
357 3398 433 3456 canis
447 3401 477 3456 et
490 3399 640 3457 latratibus
654 3401 762 3472 instat,

118 3479 173 3537 Ille
187 3483 292 3550 autem,
306 3477 415 3535 insidiis
429 3480 458 3536 et
471 3479 533 3554 ripa
545 3479 662 3537 territus
676 3479 742 3549 alta,

118 3559 202 3617 Mille
215 3559 291 3635 fugit
305 3558 467 3635 refugitque
480 3557 556 3616 vias:
578 3562 608 3616 at
621 3560 733 3617 vividus
747 3557 856 3616 Umber

118 3638 221 3697 Haeret
233 3639 325 3710 hians,
335 3637 396 3716 jam
405 3637 522 3715 jamque
535 3641 624 3710 tenet,
639 3639 793 3714 similisque
805 3636 917 3696 tenenti

118 3718 267 3795 Increpuit
280 3718 370 3788 malis,
384 3737 535 3794 morsuque
549 3719 642 3777 elusus
655 3718 734 3777 inani
747 3720 800 3776 est.

119 3797 195 3855 Tum
208 3818 275 3856 vero
289 3797 415 3856 exoritur
427 3797 534 3856 clamor
545 3822 551 3869 ;
572 3799 695 3876 ripaeque
708 3798 839 3873 lacusque

118 3878 301 3954 Responsant
314 3877 396 3950 circa,
409 3880 439 3935 et
453 3877 553 3936 coelum
567 3881 651 3936 tonat
663 3898 747 3938 omne
759 3877 897 3936 tumultu.

119 3957 173 4014 Ille
186 3957 271 4015 simul
283 3957 404 4036 fugiens,
419 3957 545 4018 Rutulos
557 3957 648 4019 simul
655 3959 791 4038 increpat
802 3977 918 4027 omnes,

1035 2954 1155 3052 7⁷76
