2506 4298
489 259 630 303 srumos
644 260 706 304 nm.
721 260 765 303 11.
1038 243 1103 306 373.

153 399 224 458 Non
236 402 335 459 tamen
347 400 507 460 indecorem
519 404 614 462 tuate
627 402 725 482 regina
737 402 853 479 reliquit

154 479 294 539 Extrema
302 481 364 559 jam
376 481 407 539 in
420 484 530 554 morte;
550 503 640 560 neque
653 483 707 542 hoc
720 483 780 541 sine
793 481 908 542 nomine
920 482 1013 542 letum

155 558 212 618 Per
227 563 328 638 gentes
342 560 405 633 erit,
419 564 469 618 aut
482 561 587 620 famam
600 562 714 640 patieris
727 562 835 621 inultae.

153 638 186 696 N
185 659 234 697 am
248 639 420 719 quicumque
432 644 517 698 tuum
530 641 648 700 violavit
660 643 775 700 vulnere
788 661 898 719 corpus,

154 717 253 778 Morte
266 719 327 778 luet
340 720 472 778 merita.''
515 720 585 779 Fuit
598 721 697 799 ingens
710 724 808 780 monte
821 723 874 781 sub
887 721 947 781 alto

154 796 244 875 Regis
258 799 403 858 Dercenni
414 802 527 859 terreno
542 820 576 859 ex
589 821 691 878 aggere
704 801 822 859 bustum

154 877 279 955 Antiqui
291 879 452 952 Laurentis,
465 900 606 957 opacaque
620 881 682 939 ilice
696 884 822 953 tectum3

154 955 214 1016 Hic
228 958 280 1016 dea
293 979 323 1016 se
335 959 460 1036 primum
472 957 569 1036 rapido
583 959 772 1037 pulcherrima
784 960 849 1019 nisu

155 1036 248 1109 Sistit,
264 1041 294 1096 et
307 1038 465 1097 Arruntem
477 1039 590 1097 tumulo
603 1040 764 1116 speculatur
776 1041 812 1099 ab
825 1041 894 1099 alto.

154 1115 199 1175 Ut
212 1116 286 1175 vidit
299 1117 457 1195 fulgentem
470 1118 563 1190 armis,
577 1138 609 1175 ac
622 1138 695 1176 vana
707 1122 879 1191 tumentem,

154 1199 172 1227 “
181 1195 268 1268 Cur‚’'
283 1197 385 1276 inquit,
400 1198 551 1256 “diversus
565 1197 648 1256 abis?
668 1199 725 1256 huc
738 1199 828 1277 dirige
841 1218 986 1277 gressum;

154 1275 225 1333 Huc
238 1277 362 1353 periture
374 1277 455 1336 veni:
476 1278 568 1355 capias
582 1281 616 1335 ut
629 1277 716 1355 digna
729 1277 854 1336 Camilla

155 1354 284 1414 Praemia.
325 1357 407 1415 Tune
421 1356 508 1415 etiam
521 1357 587 1416 telis
600 1358 719 1416 moriere
732 1358 835 1416 Dianae
845 1357 880 1417 ?”

155 1435 247 1507 Dixit,
261 1439 291 1495 et
304 1440 404 1494 aurata
416 1436 560 1496 volucrem
573 1437 706 1495 Threissa
718 1437 855 1516 sagittam

154 1514 320 1593 Depromsit
333 1516 475 1594 pharetra,
489 1537 631 1593 comuque
643 1517 753 1575 infensa
764 1516 898 1589 tetendit,

155 1593 197 1652 Et
211 1595 293 1653 duxit
306 1595 399 1673 longe,
413 1597 501 1655 donec
515 1599 633 1655 curvata
646 1599 756 1656 coirent

154 1673 238 1733 Inter
251 1696 280 1734 se
293 1675 395 1753 capita,
409 1679 438 1734 et
452 1676 582 1734 manibus
591 1677 652 1754 jam
665 1679 797 1754 tangeret
810 1675 923 1753 aquis„

155 1753 242 1812 Laeva
254 1756 343 1813 aciem
355 1755 430 1827 ferri,
444 1756 544 1814 dextra
556 1776 697 1833 nervoque
710 1756 852 1834 papillam.

154 1832 308 1912 Extemplo
322 1833 374 1893 teli
386 1835 536 1894 stridorem
549 1855 685 1913 aurasque
698 1839 830 1894 sonantes

155 1913 257 1971 Audiit
270 1934 327 1972 una
340 1915 459 1987 Arruns,
473 1915 613 1992 haesitque
625 1914 658 1973 in
670 1935 784 1992 corpore
797 1915 911 1974 ferrum.

153 1991 243 2050 Illum
257 1993 446 2071 exspirantem
458 1995 527 2053 socii
540 1998 625 2072 atque
639 1997 765 2053 extrema
777 2005 937 2072 gementem

155 2071 247 2131 Obliti
260 2073 361 2151 ignoto
375 2094 539 2151 camporum
551 2073 582 2132 in
595 2073 709 2150 pulvere
720 2073 871 2150 linquunt;

155 2151 225 2230 Opis
240 2153 277 2210 ad
289 2152 441 2211 aetherium
453 2154 555 2231 pennis
568 2154 694 2212 aufertur
708 2154 872 2232 Olympum.

194 2231 293 2290 Prima
305 2233 390 2310 fugit,
405 2232 519 2292 domina
532 2234 642 2306 amissa,
654 2232 725 2292 levis
740 2233 785 2292 ala
798 2233 938 2304 Camil1ae3

155 2311 277 2370 'l'urbati
290 2312 406 2390 fugiunt
419 2312 523 2370 Rutuli
535 2337 542 2384 ;
562 2313 637 2391 fugit
650 2333 713 2372 acer
726 2314 846 2387 Atinas3

153 2391 330 2469 Disjectique
344 2393 428 2451 duces
443 2393 615 2469 desolatique
627 2393 746 2470 manipli

155 2471 233 2529 Tuta
245 2474 358 2549 petunt.
372 2476 402 2530 et
416 2472 494 2549 equis
508 2472 598 2530 aversi
612 2473 648 2530 ad
660 2474 766 2532 moenia
778 2473 911 2531 tendunt.

154 2550 218 2609 Nec
232 2552 381 2627 quisquam
393 2551 534 2611 instantes
548 2552 672 2611 Teucros
685 2553 830 2630 letumque
842 2552 963 2611 ferentes

155 2629 322 2689 Sustentare
334 2630 411 2689 valet
424 2632 498 2704 telis,
512 2634 562 2689 aut
576 2631 674 2690 sistere
688 2635 802 2691 contra:

155 2709 212 2768 Sed
224 2710 301 2768 laxos
314 2710 440 2770 referunt
453 2711 578 2769 humeris
591 2710 793 2788 languentibus
806 2730 903 2781 arous;

75 2826 95 2856 r
155 2789 430 2867 Quadrupedumque
443 2793 557 2867 putrem
567 2809 651 2847 cursu
664 2790 758 2866 quatit
768 2789 876 2867 ungula
883 2806 1023 2867 campum.

154 2867 289 2927 Volvitur
301 2870 338 2927 ad
350 2889 447 2928 muros
460 2868 579 2946 caligine
591 2869 722 2927 turbidus
736 2871 798 2927 atra

155 2947 263 3020 Pulvis,
277 2951 307 3006 et
320 2969 336 3006 e
349 2948 469 3026 speculis
482 2967 618 3026 percussae
631 2951 746 3026 pectora
757 2950 863 3007 matres

155 3026 324 3087 Femineum
337 3029 488 3087 clamorem
501 3029 537 3086 ad
550 3028 614 3086 ooeli
626 3027 717 3087 sidera
728 3027 845 3086 tollunt.

155 3106 212 3178 Qui
225 3128 309 3166 cursu
321 3111 418 3186 portas
431 3108 516 3186 primi
528 3107 652 3186 irrupere
664 3111 803 3186 patentes,

155 3185 221 3245 Hos
233 3186 348 3246 inimica
361 3208 444 3265 super
456 3188 548 3247 mixto
561 3188 666 3265 premit
679 3187 792 3265 agmine
805 3187 908 3256 turba3

154 3265 218 3325 Nec
231 3267 363 3326 miseram
376 3267 517 3345 effugiunt
530 3270 661 3340 mortem,
675 3268 724 3326 sed
736 3267 835 3325 limine
847 3265 878 3324 in
891 3266 961 3344 ipso,

155 3345 302 3405 Moenibus
314 3347 345 3405 in
357 3348 466 3424 patriis,
477 3350 563 3424 atque
576 3347 652 3405 inter
665 3349 731 3404 tuta
744 3347 901 3417 domorum,

155 3424 269 3485 Oonfixi
281 3425 424 3504 exspirant
438 3427 553 3486 animas.
594 3426 665 3485 Pars
678 3427 805 3485 claudere
817 3428 931 3503 portas3

154 3504 219 3564 Nec
232 3505 314 3564 sociis
328 3506 434 3584 aperire
448 3507 531 3578 viam,
544 3525 597 3564 nec
610 3506 750 3565 moenibus
764 3506 871 3564 audent

154 3584 290 3663 Accipere
303 3588 433 3658 orantes5
453 3587 598 3663 oriturque
611 3585 768 3644 miserrima
781 3585 868 3644 caedes

154 3662 368 3723 Defendentum
382 3665 467 3724 armis
481 3665 584 3738 aditu,
597 3665 682 3742 inque
696 3667 929 3724 armamentum.

155 3743 282 3817 Exclusi,
296 3748 363 3803 ante
375 3746 470 3804 oculos
483 3745 737 3823 lacrimantumque
750 3764 800 3803 ora
812 3747 972 3823 parentum,

155 3822 227 3882 Pars
240 3824 271 3882 in
284 3825 440 3903 praecipites
452 3825 550 3897 fossas,
562 3827 683 3902 urgente
695 3823 785 3897 ruina,

155 3901 306 3977 Volvitur3
325 3904 459 3963 immissis
471 3924 541 3982 pars·
550 3923 625 3962 caca
638 3907 668 3963 et
681 3903 793 3963 concita
803 3903 891 3962 frenis

152 3981 269 4042 Arietat
279 3983 311 4042 in
321 3986 421 4063 portas
436 3987 467 4046 et
479 3984 567 4047 duros
581 3984 675 4066 objice
685 3987 798 4068 postes.
