<?xml version="1.0" encoding="UTF-8"?>
<!DOCTYPE html PUBLIC "-//W3C//DTD XHTML 1.0 Transitional//EN"
    "http://www.w3.org/TR/xhtml1/DTD/xhtml1-transitional.dtd">
<html xmlns="http://www.w3.org/1999/xhtml" xml:lang="en" lang="en">
 <head>
  <title>
</title>
<meta http-equiv="Content-Type" content="text/html;charset=utf-8" />
  <meta name='ocr-system' content='tesseract 3.04.00' />
  <meta name='ocr-capabilities' content='ocr_page ocr_carea ocr_par ocr_line ocrx_word'/>
</head>
<body>
  <div class='ocr_page' id='page_1' title='image "./workspubliusvir00thomgoog_0291.png"; bbox 0 0 2506 4298; ppageno 0'>
   <div class='ocr_carea' id='block_1_1' title="bbox 207 215 837 274">
    <p class='ocr_par' dir='ltr' id='par_1_1' title="bbox 207 215 837 274">
     <span class='ocr_line' id='line_1_1' title="bbox 207 215 837 274; baseline -0.005 0"><span class='ocrx_word' id='word_1_1' title='bbox 207 215 266 274; x_wconf 82' lang='lat'>256</span> <span class='ocrx_word' id='word_1_2' title='bbox 500 227 528 270; x_wconf 83' lang='grc'>1.</span> <span class='ocrx_word' id='word_1_3' title='bbox 542 225 837 271; x_wconf 76' lang='grc'><strong>111111111111101111</strong></span> 
     </span>
    </p>
   </div>
   <div class='ocr_carea' id='block_1_2' title="bbox 154 368 1243 704">
    <p class='ocr_par' dir='ltr' id='par_1_2' title="bbox 208 368 912 448">
     <span class='ocr_line' id='line_1_2' title="bbox 208 368 912 448; baseline -0.001 -17"><span class='ocrx_word' id='word_1_4' title='bbox 208 371 262 431; x_wconf 90' lang='lat' dir='ltr'>Dis</span> <span class='ocrx_word' id='word_1_5' title='bbox 276 370 371 430; x_wconf 91' lang='lat' dir='ltr'>sedem</span> <span class='ocrx_word' id='word_1_6' title='bbox 384 369 516 448; x_wconf 85' lang='lat' dir='ltr'>exiguam</span> <span class='ocrx_word' id='word_1_7' title='bbox 529 369 629 446; x_wconf 90' lang='lat' dir='ltr'>patriis</span> <span class='ocrx_word' id='word_1_8' title='bbox 641 368 766 447; x_wconf 87' lang='lat' dir='ltr'>litusque</span> <span class='ocrx_word' id='word_1_9' title='bbox 777 390 912 448; x_wconf 81' lang='lat' dir='ltr'>rogamus</span> 
     </span>
    </p>

    <p class='ocr_par' dir='ltr' id='par_1_3' title="bbox 154 449 1243 704">
     <span class='ocr_line' id='line_1_3' title="bbox 154 449 1055 528; baseline 0 -18"><span class='ocrx_word' id='word_1_10' title='bbox 154 470 186 521; x_wconf 54' lang='lat' dir='ltr'>&gt;a</span> <span class='ocrx_word' id='word_1_11' title='bbox 208 451 378 523; x_wconf 89' lang='lat' dir='ltr'>Innocuum,</span> <span class='ocrx_word' id='word_1_12' title='bbox 393 452 423 509; x_wconf 94' lang='lat' dir='ltr'>et</span> <span class='ocrx_word' id='word_1_13' title='bbox 436 449 547 509; x_wconf 89' lang='lat' dir='ltr'>cunctis</span> <span class='ocrx_word' id='word_1_14' title='bbox 560 449 721 526; x_wconf 91' lang='lat' dir='ltr'>undamque</span> <span class='ocrx_word' id='word_1_15' title='bbox 734 469 886 527; x_wconf 83' lang='lat' dir='ltr'>auramque</span> <span class='ocrx_word' id='word_1_16' title='bbox 898 452 1055 528; x_wconf 89' lang='lat' dir='ltr'>patentem.</span> 
     </span>
     <span class='ocr_line' id='line_1_4' title="bbox 210 528 1137 607; baseline 0.001 -18"><span class='ocrx_word' id='word_1_17' title='bbox 210 531 279 590; x_wconf 88' lang='lat' dir='ltr'>Non</span> <span class='ocrx_word' id='word_1_18' title='bbox 292 530 396 589; x_wconf 88' lang='lat' dir='ltr'>erimus</span> <span class='ocrx_word' id='word_1_19' title='bbox 409 549 497 607; x_wconf 84' lang='lat' dir='ltr'>regno</span> <span class='ocrx_word' id='word_1_20' title='bbox 510 528 669 588; x_wconf 77' lang='lat' dir='ltr'><strong>indecores:</strong></span> <span class='ocrx_word' id='word_1_21' title='bbox 690 549 742 588; x_wconf 91' lang='lat' dir='ltr'>nee</span> <span class='ocrx_word' id='word_1_22' title='bbox 755 532 851 589; x_wconf 86' lang='lat' dir='ltr'>vestra</span> <span class='ocrx_word' id='word_1_23' title='bbox 863 531 890 589; x_wconf 84' lang='lat' dir='ltr'>fe</span> <span class='ocrx_word' id='word_1_24' title='bbox 905 533 972 607; x_wconf 77' lang='lat' dir='ltr'>etur</span> <span class='ocrx_word' id='word_1_25' title='bbox 1132 596 1137 601; x_wconf 56' lang='lat'><em>‚</em></span> 
     </span>
     <span class='ocr_line' id='line_1_5' title="bbox 210 551 1243 704; baseline -0.007 -36"><span class='ocrx_word' id='word_1_26' title='bbox 210 610 302 669; x_wconf 82' lang='lat' dir='ltr'>Fama</span> <span class='ocrx_word' id='word_1_27' title='bbox 313 609 392 682; x_wconf 86' lang='lat' dir='ltr'>levis,</span> <span class='ocrx_word' id='word_1_28' title='bbox 405 609 516 667; x_wconf 85' lang='lat' dir='ltr'>tantive</span> <span class='ocrx_word' id='word_1_29' title='bbox 529 608 670 683; x_wconf 86' lang='lat' dir='ltr'>abolescet</span> <span class='ocrx_word' id='word_1_30' title='bbox 682 608 776 686; x_wconf 88' lang='lat' dir='ltr'>gratia</span> <span class='ocrx_word' id='word_1_31' title='bbox 787 609 873 682; x_wconf 83' lang='lat' dir='ltr'>faeti3</span> <span class='ocrx_word' id='word_1_32' title='bbox 887 551 941 704; x_wconf 55' lang='grc' dir='ltr'>1τῇ</span> <span class='ocrx_word' id='word_1_33' title='bbox 952 624 993 662; x_wconf 69' lang='grc' dir='ltr'>ιιι.</span> <span class='ocrx_word' id='word_1_34' title='bbox 1010 616 1094 664; x_wconf 53' lang='lat' dir='ltr'>,icta</span> <span class='ocrx_word' id='word_1_35' title='bbox 1120 610 1138 661; x_wconf 75' lang='grc'>1</span> <span class='ocrx_word' id='word_1_36' title='bbox 1166 598 1243 703; x_wconf 53' lang='lat' dir='ltr'>jas</span> 
     </span>
    </p>
   </div>
   <div class='ocr_carea' id='block_1_3' title="bbox 162 687 1243 4032">
    <p class='ocr_par' dir='ltr' id='par_1_4' title="bbox 162 687 1243 4032">
     <span class='ocr_line' id='line_1_6' title="bbox 210 687 1175 803; baseline -0.007 -54"><span class='ocrx_word' id='word_1_37' title='bbox 210 691 273 749; x_wconf 90' lang='lat' dir='ltr'>Nec</span> <span class='ocrx_word' id='word_1_38' title='bbox 286 689 402 768; x_wconf 73' lang='lat' dir='ltr'>Ihojam</span> <span class='ocrx_word' id='word_1_39' title='bbox 414 688 556 747; x_wconf 84' lang='lat' dir='ltr'>Ausonios</span> <span class='ocrx_word' id='word_1_40' title='bbox 570 687 678 766; x_wconf 85' lang='lat' dir='ltr'>gremio</span> <span class='ocrx_word' id='word_1_41' title='bbox 691 689 831 765; x_wconf 83' lang='lat' dir='ltr'>excepisse</span> <span class='ocrx_word' id='word_1_42' title='bbox 842 689 962 768; x_wconf 77' lang='lat' dir='ltr'>pigebat.</span> <span class='ocrx_word' id='word_1_43' title='bbox 1038 711 1175 803; x_wconf 43' lang='lat' dir='ltr'>«lanf</span> 
     </span>
     <span class='ocr_line' id='line_1_7' title="bbox 210 766 907 846; baseline -0.001 -18"><span class='ocrx_word' id='word_1_44' title='bbox 210 769 285 828; x_wconf 81' lang='lat' dir='ltr'>Fata</span> <span class='ocrx_word' id='word_1_45' title='bbox 296 789 347 846; x_wconf 88' lang='lat' dir='ltr'>per</span> <span class='ocrx_word' id='word_1_46' title='bbox 360 768 457 826; x_wconf 81' lang='lat' dir='ltr'>AEneae</span> <span class='ocrx_word' id='word_1_47' title='bbox 465 767 540 845; x_wconf 82' lang='lat' dir='ltr'>juro,</span> <span class='ocrx_word' id='word_1_48' title='bbox 554 766 738 844; x_wconf 73' lang='lat' dir='ltr'>dextramque</span> <span class='ocrx_word' id='word_1_49' title='bbox 750 771 907 845; x_wconf 90' lang='lat' dir='ltr'>potentem,</span> 
     </span>
     <span class='ocr_line' id='line_1_8' title="bbox 210 847 940 924; baseline 0 -17"><span class='ocrx_word' id='word_1_50' title='bbox 210 849 275 907; x_wconf 83' lang='lat' dir='ltr'>Sive</span> <span class='ocrx_word' id='word_1_51' title='bbox 289 849 353 921; x_wconf 88' lang='lat' dir='ltr'>fide,</span> <span class='ocrx_word' id='word_1_52' title='bbox 367 867 417 906; x_wconf 91' lang='lat' dir='ltr'>seu</span> <span class='ocrx_word' id='word_1_53' title='bbox 430 847 492 924; x_wconf 89' lang='lat' dir='ltr'>quis</span> <span class='ocrx_word' id='word_1_54' title='bbox 504 847 579 905; x_wconf 90' lang='lat' dir='ltr'>bello</span> <span class='ocrx_word' id='word_1_55' title='bbox 593 850 636 905; x_wconf 91' lang='lat' dir='ltr'>est</span> <span class='ocrx_word' id='word_1_56' title='bbox 650 849 781 924; x_wconf 83' lang='lat' dir='ltr'>expertus</span> <span class='ocrx_word' id='word_1_57' title='bbox 795 850 825 907; x_wconf 90' lang='lat' dir='ltr'>et</span> <span class='ocrx_word' id='word_1_58' title='bbox 838 849 940 921; x_wconf 81' lang='lat' dir='ltr'>armis3</span> 
     </span>
     <span class='ocr_line' id='line_1_9' title="bbox 210 927 967 1005; baseline 0.003 -19"><span class='ocrx_word' id='word_1_59' title='bbox 210 928 301 986; x_wconf 88' lang='lat' dir='ltr'>Multi</span> <span class='ocrx_word' id='word_1_60' title='bbox 313 948 365 986; x_wconf 89' lang='lat' dir='ltr'>nos</span> <span class='ocrx_word' id='word_1_61' title='bbox 378 927 483 1005; x_wconf 87' lang='lat' dir='ltr'>populi,</span> <span class='ocrx_word' id='word_1_62' title='bbox 497 927 671 985; x_wconf 89' lang='lat' dir='ltr'>multae—ne</span> <span class='ocrx_word' id='word_1_63' title='bbox 683 930 788 999; x_wconf 91' lang='lat' dir='ltr'>temne,</span> <span class='ocrx_word' id='word_1_64' title='bbox 802 929 877 1003; x_wconf 90' lang='lat' dir='ltr'>quod</span> <span class='ocrx_word' id='word_1_65' title='bbox 890 928 967 988; x_wconf 81' lang='lat' dir='ltr'>ultro</span> 
     </span>
     <span class='ocr_line' id='line_1_10' title="bbox 210 1005 976 1084; baseline 0.001 -18"><span class='ocrx_word' id='word_1_66' title='bbox 210 1008 391 1066; x_wconf 86' lang='lat' dir='ltr'>Praeferimus</span> <span class='ocrx_word' id='word_1_67' title='bbox 403 1006 534 1065; x_wconf 87' lang='lat' dir='ltr'>manibus</span> <span class='ocrx_word' id='word_1_68' title='bbox 547 1005 636 1064; x_wconf 86' lang='lat' dir='ltr'>vittas</span> <span class='ocrx_word' id='word_1_69' title='bbox 649 1026 682 1064; x_wconf 90' lang='lat' dir='ltr'>ac</span> <span class='ocrx_word' id='word_1_70' title='bbox 694 1007 781 1065; x_wconf 86' lang='lat' dir='ltr'>verba</span> <span class='ocrx_word' id='word_1_71' title='bbox 792 1008 976 1084; x_wconf 87' lang='lat' dir='ltr'>precantia—</span> 
     </span>
     <span class='ocr_line' id='line_1_11' title="bbox 210 1085 895 1165; baseline -0.001 -19"><span class='ocrx_word' id='word_1_72' title='bbox 210 1087 253 1145; x_wconf 82' lang='lat' dir='ltr'>Et</span> <span class='ocrx_word' id='word_1_73' title='bbox 264 1087 371 1165; x_wconf 89' lang='lat' dir='ltr'>petiere</span> <span class='ocrx_word' id='word_1_74' title='bbox 384 1086 438 1144; x_wconf 83' lang='lat' dir='ltr'>sibi</span> <span class='ocrx_word' id='word_1_75' title='bbox 451 1088 481 1144; x_wconf 91' lang='lat' dir='ltr'>et</span> <span class='ocrx_word' id='word_1_76' title='bbox 494 1085 608 1144; x_wconf 86' lang='lat' dir='ltr'>voluere</span> <span class='ocrx_word' id='word_1_77' title='bbox 621 1085 774 1163; x_wconf 88' lang='lat' dir='ltr'>adjungere</span> <span class='ocrx_word' id='word_1_78' title='bbox 787 1090 895 1164; x_wconf 89' lang='lat' dir='ltr'>gentes.</span> 
     </span>
     <span class='ocr_line' id='line_1_12' title="bbox 211 1166 883 1241; baseline 0.001 -17"><span class='ocrx_word' id='word_1_79' title='bbox 211 1167 267 1226; x_wconf 85' lang='lat' dir='ltr'>Sed</span> <span class='ocrx_word' id='word_1_80' title='bbox 279 1187 331 1224; x_wconf 93' lang='lat' dir='ltr'>nos</span> <span class='ocrx_word' id='word_1_81' title='bbox 344 1166 405 1225; x_wconf 88' lang='lat' dir='ltr'>fata</span> <span class='ocrx_word' id='word_1_82' title='bbox 417 1166 502 1224; x_wconf 89' lang='lat' dir='ltr'>deum</span> <span class='ocrx_word' id='word_1_83' title='bbox 514 1168 623 1223; x_wconf 88' lang='lat' dir='ltr'>vestras</span> <span class='ocrx_word' id='word_1_84' title='bbox 636 1166 780 1241; x_wconf 86' lang='lat' dir='ltr'>exquirere</span> <span class='ocrx_word' id='word_1_85' title='bbox 792 1169 883 1225; x_wconf 87' lang='lat' dir='ltr'>terras</span> 
     </span>
     <span class='ocr_line' id='line_1_13' title="bbox 210 1244 909 1323; baseline 0.001 -19"><span class='ocrx_word' id='word_1_86' title='bbox 210 1246 342 1323; x_wconf 86' lang='lat' dir='ltr'>Imperiis</span> <span class='ocrx_word' id='word_1_87' title='bbox 356 1265 437 1322; x_wconf 91' lang='lat' dir='ltr'>egere</span> <span class='ocrx_word' id='word_1_88' title='bbox 450 1244 516 1304; x_wconf 88' lang='lat' dir='ltr'>suis.</span> <span class='ocrx_word' id='word_1_89' title='bbox 557 1245 637 1302; x_wconf 92' lang='lat' dir='ltr'>Hinc</span> <span class='ocrx_word' id='word_1_90' title='bbox 649 1245 800 1303; x_wconf 87' lang='lat' dir='ltr'>Dardanus</span> <span class='ocrx_word' id='word_1_91' title='bbox 814 1249 909 1305; x_wconf 86' lang='lat' dir='ltr'>ortus:</span> 
     </span>
     <span class='ocr_line' id='line_1_14' title="bbox 210 1323 947 1403; baseline 0.001 -19"><span class='ocrx_word' id='word_1_92' title='bbox 210 1326 280 1384; x_wconf 89' lang='lat' dir='ltr'>Huc</span> <span class='ocrx_word' id='word_1_93' title='bbox 292 1325 406 1403; x_wconf 87' lang='lat' dir='ltr'>repetit,</span> <span class='ocrx_word' id='word_1_94' title='bbox 415 1324 556 1403; x_wconf 86' lang='lat' dir='ltr'>jussisque</span> <span class='ocrx_word' id='word_1_95' title='bbox 568 1323 733 1401; x_wconf 70' lang='lat' dir='ltr'>ingentibus</span> <span class='ocrx_word' id='word_1_96' title='bbox 746 1327 830 1402; x_wconf 87' lang='lat' dir='ltr'>urget</span> <span class='ocrx_word' id='word_1_97' title='bbox 844 1325 947 1403; x_wconf 90' lang='lat' dir='ltr'>Apollo</span> 
     </span>
     <span class='ocr_line' id='line_1_15' title="bbox 211 1403 1053 1483; baseline 0 -19"><span class='ocrx_word' id='word_1_98' title='bbox 211 1405 392 1483; x_wconf 85' lang='lat' dir='ltr'>Tyrrhenum</span> <span class='ocrx_word' id='word_1_99' title='bbox 404 1404 441 1462; x_wconf 92' lang='lat' dir='ltr'>ad</span> <span class='ocrx_word' id='word_1_100' title='bbox 454 1403 594 1481; x_wconf 86' lang='lat' dir='ltr'>Thybrim</span> <span class='ocrx_word' id='word_1_101' title='bbox 608 1407 637 1462; x_wconf 89' lang='lat' dir='ltr'>et</span> <span class='ocrx_word' id='word_1_102' title='bbox 650 1403 738 1462; x_wconf 90' lang='lat' dir='ltr'>fontis</span> <span class='ocrx_word' id='word_1_103' title='bbox 751 1404 824 1463; x_wconf 87' lang='lat' dir='ltr'>vada</span> <span class='ocrx_word' id='word_1_104' title='bbox 836 1425 915 1464; x_wconf 86' lang='lat' dir='ltr'>saera</span> <span class='ocrx_word' id='word_1_105' title='bbox 927 1405 1053 1464; x_wconf 90' lang='lat' dir='ltr'>Numici.</span> 
     </span>
     <span class='ocr_line' id='line_1_16' title="bbox 210 1483 833 1562; baseline 0.002 -21"><span class='ocrx_word' id='word_1_106' title='bbox 210 1485 271 1543; x_wconf 90' lang='lat' dir='ltr'>Dat</span> <span class='ocrx_word' id='word_1_107' title='bbox 284 1484 339 1543; x_wconf 90' lang='lat' dir='ltr'>tibi</span> <span class='ocrx_word' id='word_1_108' title='bbox 350 1487 486 1562; x_wconf 87' lang='lat' dir='ltr'>praeterea</span> <span class='ocrx_word' id='word_1_109' title='bbox 498 1483 621 1542; x_wconf 85' lang='lat' dir='ltr'>fortunae</span> <span class='ocrx_word' id='word_1_110' title='bbox 634 1503 722 1559; x_wconf 87' lang='lat' dir='ltr'>parva</span> <span class='ocrx_word' id='word_1_111' title='bbox 732 1483 833 1561; x_wconf 86' lang='lat' dir='ltr'>prioris</span> 
     </span>
     <span class='ocr_line' id='line_1_17' title="bbox 209 1563 909 1641; baseline 0 -18"><span class='ocrx_word' id='word_1_112' title='bbox 209 1564 341 1636; x_wconf 87' lang='lat' dir='ltr'>Munera,</span> <span class='ocrx_word' id='word_1_113' title='bbox 353 1563 485 1639; x_wconf 90' lang='lat' dir='ltr'>reliquias</span> <span class='ocrx_word' id='word_1_114' title='bbox 499 1563 584 1640; x_wconf 85' lang='lat' dir='ltr'>Troja</span> <span class='ocrx_word' id='word_1_115' title='bbox 597 1582 631 1621; x_wconf 86' lang='lat' dir='ltr'>ex</span> <span class='ocrx_word' id='word_1_116' title='bbox 645 1563 761 1621; x_wconf 84' lang='lat' dir='ltr'>ardente</span> <span class='ocrx_word' id='word_1_117' title='bbox 774 1567 909 1641; x_wconf 88' lang='lat' dir='ltr'>receptas.</span> 
     </span>
     <span class='ocr_line' id='line_1_18' title="bbox 211 1642 865 1721; baseline 0.002 -20"><span class='ocrx_word' id='word_1_118' title='bbox 211 1643 278 1702; x_wconf 93' lang='lat' dir='ltr'>Hoc</span> <span class='ocrx_word' id='word_1_119' title='bbox 290 1647 372 1721; x_wconf 89' lang='lat' dir='ltr'>pater</span> <span class='ocrx_word' id='word_1_120' title='bbox 385 1643 524 1701; x_wconf 85' lang='lat' dir='ltr'>Anchises</span> <span class='ocrx_word' id='word_1_121' title='bbox 537 1662 605 1700; x_wconf 87' lang='lat' dir='ltr'>auro</span> <span class='ocrx_word' id='word_1_122' title='bbox 617 1642 725 1700; x_wconf 91' lang='lat' dir='ltr'>libabat</span> <span class='ocrx_word' id='word_1_123' title='bbox 738 1643 775 1700; x_wconf 90' lang='lat' dir='ltr'>ad</span> <span class='ocrx_word' id='word_1_124' title='bbox 787 1663 865 1702; x_wconf 88' lang='lat' dir='ltr'>aras:</span> 
     </span>
     <span class='ocr_line' id='line_1_19' title="bbox 211 1722 939 1801; baseline -0.001 -19"><span class='ocrx_word' id='word_1_125' title='bbox 211 1724 278 1782; x_wconf 91' lang='lat' dir='ltr'>Hoc</span> <span class='ocrx_word' id='word_1_126' title='bbox 292 1723 400 1782; x_wconf 85' lang='lat' dir='ltr'>Priami</span> <span class='ocrx_word' id='word_1_127' title='bbox 412 1725 559 1801; x_wconf 83' lang='lat' dir='ltr'>gestamen</span> <span class='ocrx_word' id='word_1_128' title='bbox 573 1724 642 1793; x_wconf 89' lang='lat' dir='ltr'>erat,</span> <span class='ocrx_word' id='word_1_129' title='bbox 656 1743 745 1799; x_wconf 91' lang='lat' dir='ltr'>quum</span> <span class='ocrx_word' id='word_1_130' title='bbox 753 1723 819 1800; x_wconf 91' lang='lat' dir='ltr'>jura</span> <span class='ocrx_word' id='word_1_131' title='bbox 831 1722 939 1782; x_wconf 86' lang='lat' dir='ltr'>voeatis</span> 
     </span>
     <span class='ocr_line' id='line_1_20' title="bbox 211 1802 985 1880; baseline 0.003 -20"><span class='ocrx_word' id='word_1_132' title='bbox 211 1803 295 1862; x_wconf 89' lang='lat' dir='ltr'>More</span> <span class='ocrx_word' id='word_1_133' title='bbox 309 1804 389 1861; x_wconf 89' lang='lat' dir='ltr'>daret</span> <span class='ocrx_word' id='word_1_134' title='bbox 402 1802 521 1880; x_wconf 89' lang='lat' dir='ltr'>populis,</span> <span class='ocrx_word' id='word_1_135' title='bbox 535 1804 733 1879; x_wconf 80' lang='lat' dir='ltr'>sceptrumque</span> <span class='ocrx_word' id='word_1_136' title='bbox 746 1821 877 1880; x_wconf 87' lang='lat' dir='ltr'>sacerque</span> <span class='ocrx_word' id='word_1_137' title='bbox 889 1802 985 1875; x_wconf 88' lang='lat' dir='ltr'>tiaras,</span> 
     </span>
     <span class='ocr_line' id='line_1_21' title="bbox 211 1881 617 1959; baseline 0 -20"><span class='ocrx_word' id='word_1_138' title='bbox 211 1881 390 1959; x_wconf 83' lang='lat' dir='ltr'>Iliadumque</span> <span class='ocrx_word' id='word_1_139' title='bbox 402 1881 483 1940; x_wconf 88' lang='lat' dir='ltr'>labor</span> <span class='ocrx_word' id='word_1_140' title='bbox 494 1881 617 1940; x_wconf 82' lang='lat' dir='ltr'>vestes.&#39;’</span> 
     </span>
     <span class='ocr_line' id='line_1_22' title="bbox 251 1959 819 2021; baseline -0.005 -1"><span class='ocrx_word' id='word_1_141' title='bbox 251 1962 367 2021; x_wconf 81' lang='lat' dir='ltr'>Talibus</span> <span class='ocrx_word' id='word_1_142' title='bbox 381 1961 483 2020; x_wconf 89' lang='lat' dir='ltr'>Ilionei</span> <span class='ocrx_word' id='word_1_143' title='bbox 496 1960 580 2019; x_wconf 86' lang='lat' dir='ltr'>dictis</span> <span class='ocrx_word' id='word_1_144' title='bbox 594 1959 685 2018; x_wconf 89' lang='lat' dir='ltr'>defixa</span> <span class='ocrx_word' id='word_1_145' title='bbox 698 1959 819 2018; x_wconf 86' lang='lat' dir='ltr'>Latinus</span> 
     </span>
     <span class='ocr_line' id='line_1_23' title="bbox 212 2039 897 2118; baseline -0.003 -17"><span class='ocrx_word' id='word_1_146' title='bbox 212 2041 326 2101; x_wconf 90' lang='lat' dir='ltr'>Obtutu</span> <span class='ocrx_word' id='word_1_147' title='bbox 339 2044 420 2100; x_wconf 89' lang='lat' dir='ltr'>tenet</span> <span class='ocrx_word' id='word_1_148' title='bbox 433 2061 490 2113; x_wconf 89' lang='lat' dir='ltr'>ora,</span> <span class='ocrx_word' id='word_1_149' title='bbox 504 2039 618 2118; x_wconf 90' lang='lat' dir='ltr'>soloque</span> <span class='ocrx_word' id='word_1_150' title='bbox 630 2039 783 2098; x_wconf 90' lang='lat' dir='ltr'>immobilis</span> <span class='ocrx_word' id='word_1_151' title='bbox 796 2040 897 2112; x_wconf 84' lang='lat' dir='ltr'>haeret,</span> 
     </span>
     <span class='ocr_line' id='line_1_24' title="bbox 212 2119 942 2198; baseline -0.001 -19"><span class='ocrx_word' id='word_1_152' title='bbox 212 2121 346 2181; x_wconf 89' lang='lat' dir='ltr'>Intentos</span> <span class='ocrx_word' id='word_1_153' title='bbox 358 2121 474 2179; x_wconf 86' lang='lat' dir='ltr'>volvens</span> <span class='ocrx_word' id='word_1_154' title='bbox 488 2120 592 2178; x_wconf 91' lang='lat' dir='ltr'>oculos.</span> <span class='ocrx_word' id='word_1_155' title='bbox 631 2119 664 2176; x_wconf 90' lang='lat' dir='ltr'>N</span> <span class='ocrx_word' id='word_1_156' title='bbox 664 2139 696 2177; x_wconf 92' lang='lat' dir='ltr'>ec</span> <span class='ocrx_word' id='word_1_157' title='bbox 708 2137 833 2196; x_wconf 82' lang='lat' dir='ltr'>purpura</span> <span class='ocrx_word' id='word_1_158' title='bbox 844 2139 942 2198; x_wconf 88' lang='lat' dir='ltr'>regem</span> 
     </span>
     <span class='ocr_line' id='line_1_25' title="bbox 212 2197 1025 2276; baseline -0.002 -18"><span class='ocrx_word' id='word_1_159' title='bbox 212 2201 296 2260; x_wconf 91' lang='lat' dir='ltr'>Picta</span> <span class='ocrx_word' id='word_1_160' title='bbox 308 2203 414 2273; x_wconf 88' lang='lat' dir='ltr'>movet,</span> <span class='ocrx_word' id='word_1_161' title='bbox 427 2219 479 2258; x_wconf 92' lang='lat' dir='ltr'>nec</span> <span class='ocrx_word' id='word_1_162' title='bbox 492 2202 604 2276; x_wconf 85' lang='lat' dir='ltr'>sceptra</span> <span class='ocrx_word' id='word_1_163' title='bbox 615 2202 732 2257; x_wconf 86' lang='lat' dir='ltr'>movent</span> <span class='ocrx_word' id='word_1_164' title='bbox 746 2197 889 2258; x_wconf 80' lang='lat' dir='ltr'>Priameia</span> <span class='ocrx_word' id='word_1_165' title='bbox 900 2200 1025 2272; x_wconf 88' lang='lat' dir='ltr'>tantum,</span> 
     </span>
     <span class='ocr_line' id='line_1_26' title="bbox 212 2277 997 2355; baseline -0.001 -17"><span class='ocrx_word' id='word_1_166' title='bbox 212 2281 360 2352; x_wconf 81' lang='lat' dir='ltr'>Quantum</span> <span class='ocrx_word' id='word_1_167' title='bbox 371 2279 403 2337; x_wconf 91' lang='lat' dir='ltr'>in</span> <span class='ocrx_word' id='word_1_168' title='bbox 417 2279 556 2337; x_wconf 90' lang='lat' dir='ltr'>connubio</span> <span class='ocrx_word' id='word_1_169' title='bbox 569 2281 644 2336; x_wconf 86' lang='lat' dir='ltr'>natae</span> <span class='ocrx_word' id='word_1_170' title='bbox 657 2277 839 2355; x_wconf 83' lang='lat' dir='ltr'>thalamoque</span> <span class='ocrx_word' id='word_1_171' title='bbox 853 2282 997 2351; x_wconf 88' lang='lat' dir='ltr'>moratur;</span> 
     </span>
     <span class='ocr_line' id='line_1_27' title="bbox 211 2357 902 2448; baseline -0.001 -31"><span class='ocrx_word' id='word_1_172' title='bbox 211 2360 254 2418; x_wconf 82' lang='lat' dir='ltr'>Et</span> <span class='ocrx_word' id='word_1_173' title='bbox 267 2358 370 2419; x_wconf 87' lang='lat' dir='ltr'>veteris</span> <span class='ocrx_word' id='word_1_174' title='bbox 384 2358 477 2417; x_wconf 83' lang='lat' dir='ltr'>Fauni</span> <span class='ocrx_word' id='word_1_175' title='bbox 490 2357 580 2416; x_wconf 88' lang='lat' dir='ltr'>volvit</span> <span class='ocrx_word' id='word_1_176' title='bbox 587 2358 646 2448; x_wconf 56' lang='lat' dir='ltr'>gub</span> <span class='ocrx_word' id='word_1_177' title='bbox 659 2360 773 2435; x_wconf 89' lang='lat' dir='ltr'>pectore</span> <span class='ocrx_word' id='word_1_178' title='bbox 786 2360 902 2417; x_wconf 87' lang='lat' dir='ltr'>sortem.</span> 
     </span>
     <span class='ocr_line' id='line_1_28' title="bbox 211 2437 900 2515; baseline 0 -19"><span class='ocrx_word' id='word_1_179' title='bbox 211 2439 300 2498; x_wconf 91' lang='lat' dir='ltr'>Hunc</span> <span class='ocrx_word' id='word_1_180' title='bbox 313 2438 394 2496; x_wconf 92' lang='lat' dir='ltr'>illum</span> <span class='ocrx_word' id='word_1_181' title='bbox 406 2437 474 2496; x_wconf 80' lang='lat' dir='ltr'>fatis</span> <span class='ocrx_word' id='word_1_182' title='bbox 487 2440 603 2495; x_wconf 87' lang='lat' dir='ltr'>externa</span> <span class='ocrx_word' id='word_1_183' title='bbox 616 2437 651 2495; x_wconf 92' lang='lat' dir='ltr'>ab</span> <span class='ocrx_word' id='word_1_184' title='bbox 665 2437 730 2496; x_wconf 91' lang='lat' dir='ltr'>sede</span> <span class='ocrx_word' id='word_1_185' title='bbox 742 2438 900 2515; x_wconf 89' lang='lat' dir='ltr'>profectum</span> 
     </span>
     <span class='ocr_line' id='line_1_29' title="bbox 211 2516 1220 2595; baseline 0 -19"><span class='ocrx_word' id='word_1_186' title='bbox 211 2518 350 2578; x_wconf 85' lang='lat' dir='ltr'>Portendi</span> <span class='ocrx_word' id='word_1_187' title='bbox 362 2536 507 2595; x_wconf 86' lang='lat' dir='ltr'>generum,</span> <span class='ocrx_word' id='word_1_188' title='bbox 520 2516 689 2594; x_wconf 89' lang='lat' dir='ltr'>paribusque</span> <span class='ocrx_word' id='word_1_189' title='bbox 702 2517 734 2575; x_wconf 90' lang='lat' dir='ltr'>in</span> <span class='ocrx_word' id='word_1_190' title='bbox 746 2537 834 2595; x_wconf 87' lang='lat' dir='ltr'>regna</span> <span class='ocrx_word' id='word_1_191' title='bbox 846 2516 941 2576; x_wconf 83' lang='lat' dir='ltr'>vocari</span> <span class='ocrx_word' id='word_1_192' title='bbox 1006 2580 1014 2593; x_wconf 50' lang='lat'>,</span> <span class='ocrx_word' id='word_1_193' title='bbox 1213 2583 1220 2594; x_wconf 55' lang='lat'>,</span> 
     </span>
     <span class='ocr_line' id='line_1_30' title="bbox 211 2596 1172 2676; baseline -0.016 -19"><span class='ocrx_word' id='word_1_194' title='bbox 211 2598 369 2676; x_wconf 83' lang='lat' dir='ltr'>Auspiciis3</span> <span class='ocrx_word' id='word_1_195' title='bbox 389 2597 455 2655; x_wconf 91' lang='lat' dir='ltr'>huie</span> <span class='ocrx_word' id='word_1_196' title='bbox 468 2596 631 2675; x_wconf 89' lang='lat' dir='ltr'>progeniem</span> <span class='ocrx_word' id='word_1_197' title='bbox 645 2596 753 2656; x_wconf 90' lang='lat' dir='ltr'>virtute</span> <span class='ocrx_word' id='word_1_198' title='bbox 765 2597 893 2655; x_wconf 76' lang='lat' dir='ltr'>firturam</span> <span class='ocrx_word' id='word_1_199' title='bbox 976 2596 1009 2643; x_wconf 68' lang='lat' dir='ltr'>l(</span> <span class='ocrx_word' id='word_1_200' title='bbox 1049 2614 1057 2632; x_wconf 85' lang='lat'><em>›</em></span> <span class='ocrx_word' id='word_1_201' title='bbox 1130 2616 1134 2627; x_wconf 50' lang='grc' dir='ltr'><strong><em>ι</em></strong></span> <span class='ocrx_word' id='word_1_202' title='bbox 1152 2614 1172 2633; x_wconf 61' lang='grc' dir='ltr'>ι·</span> 
     </span>
     <span class='ocr_line' id='line_1_31' title="bbox 210 2670 1243 2757; baseline -0.003 -20"><span class='ocrx_word' id='word_1_203' title='bbox 210 2678 375 2757; x_wconf 83' lang='lat' dir='ltr'>Egregiam,</span> <span class='ocrx_word' id='word_1_204' title='bbox 389 2680 418 2735; x_wconf 91' lang='lat' dir='ltr'>et</span> <span class='ocrx_word' id='word_1_205' title='bbox 431 2680 528 2736; x_wconf 91' lang='lat' dir='ltr'>totum</span> <span class='ocrx_word' id='word_1_206' title='bbox 542 2695 605 2752; x_wconf 89' lang='lat' dir='ltr'>quae</span> <span class='ocrx_word' id='word_1_207' title='bbox 617 2675 724 2734; x_wconf 87' lang='lat' dir='ltr'>viribus</span> <span class='ocrx_word' id='word_1_208' title='bbox 738 2679 856 2753; x_wconf 87' lang='lat' dir='ltr'>occupet</span> <span class='ocrx_word' id='word_1_209' title='bbox 869 2676 975 2735; x_wconf 88' lang='lat' dir='ltr'>orbem.</span> <span class='ocrx_word' id='word_1_210' title='bbox 1015 2679 1096 2755; x_wconf 49' lang='lat' dir='ltr'>‘syr-⁰</span> <span class='ocrx_word' id='word_1_211' title='bbox 1162 2672 1171 2709; x_wconf 77' lang='grc'>·’</span> <span class='ocrx_word' id='word_1_212' title='bbox 1203 2670 1206 2682; x_wconf 84' lang='lat'>&#39;</span> <span class='ocrx_word' id='word_1_213' title='bbox 1239 2700 1243 2711; x_wconf 68' lang='lat'><strong><em>¹</em></strong></span> 
     </span>
     <span class='ocr_line' id='line_1_32' title="bbox 210 2755 1173 2832; baseline -0.001 -17"><span class='ocrx_word' id='word_1_214' title='bbox 210 2758 336 2817; x_wconf 83' lang='lat' dir='ltr'>Tandem</span> <span class='ocrx_word' id='word_1_215' title='bbox 348 2757 433 2815; x_wconf 89' lang='lat' dir='ltr'>laetus</span> <span class='ocrx_word' id='word_1_216' title='bbox 447 2757 506 2815; x_wconf 84' lang='lat' dir='ltr'>ait:</span> <span class='ocrx_word' id='word_1_217' title='bbox 527 2756 595 2813; x_wconf 88' lang='lat' dir='ltr'>“Di</span> <span class='ocrx_word' id='word_1_218' title='bbox 607 2758 707 2814; x_wconf 89' lang='lat' dir='ltr'>nostra</span> <span class='ocrx_word' id='word_1_219' title='bbox 718 2755 832 2832; x_wconf 86' lang='lat' dir='ltr'>incepta</span> <span class='ocrx_word' id='word_1_220' title='bbox 844 2757 1008 2827; x_wconf 89' lang='lat' dir='ltr'>secundent,</span> <span class='ocrx_word' id='word_1_221' title='bbox 1118 2772 1138 2797; x_wconf 87' lang='lat'>·-·</span> <span class='ocrx_word' id='word_1_222' title='bbox 1149 2782 1173 2800; x_wconf 90' lang='lat'>··-</span> 
     </span>
     <span class='ocr_line' id='line_1_33' title="bbox 211 2835 1064 2916; baseline -0.002 -20"><span class='ocrx_word' id='word_1_223' title='bbox 211 2837 429 2916; x_wconf 87' lang='lat' dir='ltr'>Auguriumque</span> <span class='ocrx_word' id='word_1_224' title='bbox 442 2836 542 2894; x_wconf 85' lang='lat' dir='ltr'>suum!</span> <span class='ocrx_word' id='word_1_225' title='bbox 582 2835 716 2907; x_wconf 88' lang='lat' dir='ltr'>Dabitur,</span> <span class='ocrx_word' id='word_1_226' title='bbox 730 2835 859 2913; x_wconf 81' lang='lat' dir='ltr'>Trojane,</span> <span class='ocrx_word' id='word_1_227' title='bbox 873 2835 950 2912; x_wconf 93' lang='lat' dir='ltr'>quod</span> <span class='ocrx_word' id='word_1_228' title='bbox 965 2838 1064 2913; x_wconf 86' lang='lat' dir='ltr'>optas:</span> 
     </span>
     <span class='ocr_line' id='line_1_34' title="bbox 209 2915 942 2994; baseline -0.001 -18"><span class='ocrx_word' id='word_1_229' title='bbox 209 2918 333 2976; x_wconf 88' lang='lat' dir='ltr'>Munera</span> <span class='ocrx_word' id='word_1_230' title='bbox 345 2937 397 2975; x_wconf 92' lang='lat' dir='ltr'>nec</span> <span class='ocrx_word' id='word_1_231' title='bbox 411 2935 520 2994; x_wconf 90' lang='lat' dir='ltr'>sperne.</span> <span class='ocrx_word' id='word_1_232' title='bbox 560 2915 630 2973; x_wconf 90' lang='lat' dir='ltr'>Non</span> <span class='ocrx_word' id='word_1_233' title='bbox 643 2915 731 2985; x_wconf 87' lang='lat' dir='ltr'>vobis,</span> <span class='ocrx_word' id='word_1_234' title='bbox 745 2935 812 2992; x_wconf 91' lang='lat' dir='ltr'>rege</span> <span class='ocrx_word' id='word_1_235' title='bbox 826 2915 942 2989; x_wconf 84' lang='lat' dir='ltr'>Latino,</span> 
     </span>
     <span class='ocr_line' id='line_1_35' title="bbox 211 2994 888 3073; baseline -0.004 -17"><span class='ocrx_word' id='word_1_236' title='bbox 211 2997 319 3056; x_wconf 87' lang='lat' dir='ltr'>Divitis</span> <span class='ocrx_word' id='word_1_237' title='bbox 332 2996 402 3055; x_wconf 91' lang='lat' dir='ltr'>uber</span> <span class='ocrx_word' id='word_1_238' title='bbox 415 2996 477 3073; x_wconf 87' lang='lat' dir='ltr'>agri</span> <span class='ocrx_word' id='word_1_239' title='bbox 490 2994 618 3072; x_wconf 70' lang='lat' dir='ltr'>[lhojaeve</span> <span class='ocrx_word' id='word_1_240' title='bbox 632 2994 777 3071; x_wconf 85' lang='lat' dir='ltr'>opulentia</span> <span class='ocrx_word' id='word_1_241' title='bbox 790 2995 888 3053; x_wconf 88' lang='lat' dir='ltr'>deerit.</span> 
     </span>
     <span class='ocr_line' id='line_1_36' title="bbox 211 3073 922 3155; baseline -0.004 -19"><span class='ocrx_word' id='word_1_242' title='bbox 211 3077 277 3155; x_wconf 90' lang='lat' dir='ltr'>Ipse</span> <span class='ocrx_word' id='word_1_243' title='bbox 291 3077 376 3136; x_wconf 94' lang='lat' dir='ltr'>modo</span> <span class='ocrx_word' id='word_1_244' title='bbox 389 3075 502 3146; x_wconf 81' lang='lat' dir='ltr'>AEneas,</span> <span class='ocrx_word' id='word_1_245' title='bbox 515 3073 607 3133; x_wconf 85' lang='lat' dir='ltr'>nostri</span> <span class='ocrx_word' id='word_1_246' title='bbox 621 3073 645 3132; x_wconf 91' lang='lat' dir='ltr'>si</span> <span class='ocrx_word' id='word_1_247' title='bbox 657 3076 741 3133; x_wconf 90' lang='lat' dir='ltr'>tanta</span> <span class='ocrx_word' id='word_1_248' title='bbox 753 3074 855 3151; x_wconf 91' lang='lat' dir='ltr'>cupido</span> <span class='ocrx_word' id='word_1_249' title='bbox 869 3079 922 3147; x_wconf 90' lang='lat' dir='ltr'>est,</span> 
     </span>
     <span class='ocr_line' id='line_1_37' title="bbox 211 3153 893 3236; baseline -0.006 -20"><span class='ocrx_word' id='word_1_250' title='bbox 211 3158 242 3216; x_wconf 82' lang='lat' dir='ltr'>si</span> <span class='ocrx_word' id='word_1_251' title='bbox 251 3156 336 3236; x_wconf 87' lang='lat' dir='ltr'>jungi</span> <span class='ocrx_word' id='word_1_252' title='bbox 348 3154 473 3231; x_wconf 89' lang='lat' dir='ltr'>hospitio</span> <span class='ocrx_word' id='word_1_253' title='bbox 486 3156 617 3231; x_wconf 89' lang='lat' dir='ltr'>properat</span> <span class='ocrx_word' id='word_1_254' title='bbox 631 3153 778 3230; x_wconf 89' lang='lat' dir='ltr'>sociusque</span> <span class='ocrx_word' id='word_1_255' title='bbox 790 3155 893 3226; x_wconf 85' lang='lat' dir='ltr'>vocari,</span> 
     </span>
     <span class='ocr_line' id='line_1_38' title="bbox 210 3232 889 3306; baseline -0.004 -12"><span class='ocrx_word' id='word_1_256' title='bbox 210 3237 371 3306; x_wconf 84' lang='lat' dir='ltr'>Adveniat3</span> <span class='ocrx_word' id='word_1_257' title='bbox 390 3234 487 3292; x_wconf 85' lang='lat' dir='ltr'>vultus</span> <span class='ocrx_word' id='word_1_258' title='bbox 500 3253 571 3292; x_wconf 88' lang='lat' dir='ltr'>neve</span> <span class='ocrx_word' id='word_1_259' title='bbox 584 3232 762 3292; x_wconf 89' lang='lat' dir='ltr'>exhorrescat</span> <span class='ocrx_word' id='word_1_260' title='bbox 776 3233 889 3292; x_wconf 91' lang='lat' dir='ltr'>amicos.</span> 
     </span>
     <span class='ocr_line' id='line_1_39' title="bbox 163 3311 945 3390; baseline -0.006 -15"><span class='ocrx_word' id='word_1_261' title='bbox 163 3348 166 3352; x_wconf 46' lang='lat'><strong><em>⁴</em></strong></span> <span class='ocrx_word' id='word_1_262' title='bbox 211 3317 281 3374; x_wconf 91' lang='lat' dir='ltr'>Pars</span> <span class='ocrx_word' id='word_1_263' title='bbox 294 3314 367 3374; x_wconf 91' lang='lat' dir='ltr'>mihi</span> <span class='ocrx_word' id='word_1_264' title='bbox 379 3313 455 3390; x_wconf 88' lang='lat' dir='ltr'>pacis</span> <span class='ocrx_word' id='word_1_265' title='bbox 469 3313 522 3371; x_wconf 84' lang='lat' dir='ltr'>erit</span> <span class='ocrx_word' id='word_1_266' title='bbox 535 3314 664 3371; x_wconf 89' lang='lat' dir='ltr'>dextram</span> <span class='ocrx_word' id='word_1_267' title='bbox 677 3312 806 3390; x_wconf 88' lang='lat' dir='ltr'>tetigisse</span> <span class='ocrx_word' id='word_1_268' title='bbox 819 3311 945 3390; x_wconf 89' lang='lat' dir='ltr'>tyranni.</span> 
     </span>
     <span class='ocr_line' id='line_1_40' title="bbox 211 3393 891 3470; baseline -0.004 -16"><span class='ocrx_word' id='word_1_269' title='bbox 211 3396 270 3454; x_wconf 85' lang='lat' dir='ltr'>Vos</span> <span class='ocrx_word' id='word_1_270' title='bbox 283 3397 383 3454; x_wconf 88' lang='lat' dir='ltr'>contra</span> <span class='ocrx_word' id='word_1_271' title='bbox 396 3393 457 3470; x_wconf 88' lang='lat' dir='ltr'>regi</span> <span class='ocrx_word' id='word_1_272' title='bbox 469 3412 533 3451; x_wconf 91' lang='lat' dir='ltr'>mea</span> <span class='ocrx_word' id='word_1_273' title='bbox 545 3413 620 3450; x_wconf 93' lang='lat' dir='ltr'>nunc</span> <span class='ocrx_word' id='word_1_274' title='bbox 633 3393 768 3451; x_wconf 89' lang='lat' dir='ltr'>mandata</span> <span class='ocrx_word' id='word_1_275' title='bbox 780 3393 891 3451; x_wconf 89' lang='lat' dir='ltr'>referte.</span> 
     </span>
     <span class='ocr_line' id='line_1_41' title="bbox 210 3472 976 3550; baseline -0.007 -16"><span class='ocrx_word' id='word_1_276' title='bbox 210 3476 267 3534; x_wconf 84' lang='lat' dir='ltr'>Est</span> <span class='ocrx_word' id='word_1_277' title='bbox 280 3473 352 3532; x_wconf 91' lang='lat' dir='ltr'>mihi</span> <span class='ocrx_word' id='word_1_278' title='bbox 364 3476 440 3545; x_wconf 89' lang='lat' dir='ltr'>nata,</span> <span class='ocrx_word' id='word_1_279' title='bbox 453 3472 514 3531; x_wconf 84' lang='lat' dir='ltr'>viro</span> <span class='ocrx_word' id='word_1_280' title='bbox 527 3473 622 3549; x_wconf 89' lang='lat' dir='ltr'>gentis</span> <span class='ocrx_word' id='word_1_281' title='bbox 635 3493 721 3549; x_wconf 91' lang='lat' dir='ltr'>quam</span> <span class='ocrx_word' id='word_1_282' title='bbox 729 3472 849 3550; x_wconf 91' lang='lat' dir='ltr'>jungere</span> <span class='ocrx_word' id='word_1_283' title='bbox 862 3473 976 3543; x_wconf 79' lang='lat' dir='ltr'>nostrae,</span> 
     </span>
     <span class='ocr_line' id='line_1_42' title="bbox 210 3552 936 3631; baseline -0.004 -18"><span class='ocrx_word' id='word_1_284' title='bbox 210 3556 279 3613; x_wconf 90' lang='lat' dir='ltr'>Non</span> <span class='ocrx_word' id='word_1_285' title='bbox 291 3552 385 3631; x_wconf 88' lang='lat' dir='ltr'>patrio</span> <span class='ocrx_word' id='word_1_286' title='bbox 398 3572 432 3610; x_wconf 93' lang='lat' dir='ltr'>ex</span> <span class='ocrx_word' id='word_1_287' title='bbox 445 3553 533 3630; x_wconf 87' lang='lat' dir='ltr'>adyto</span> <span class='ocrx_word' id='word_1_288' title='bbox 548 3554 646 3623; x_wconf 88' lang='lat' dir='ltr'>sortes,</span> <span class='ocrx_word' id='word_1_289' title='bbox 659 3572 718 3617; x_wconf 88' lang='lat' dir='ltr'>non</span> <span class='ocrx_word' id='word_1_290' title='bbox 731 3552 853 3629; x_wconf 89' lang='lat' dir='ltr'>plurima</span> <span class='ocrx_word' id='word_1_291' title='bbox 865 3552 936 3610; x_wconf 90' lang='lat' dir='ltr'>eoelo</span> 
     </span>
     <span class='ocr_line' id='line_1_43' title="bbox 211 3629 975 3709; baseline -0.005 -16"><span class='ocrx_word' id='word_1_292' title='bbox 211 3635 344 3693; x_wconf 87' lang='lat' dir='ltr'>Monstra</span> <span class='ocrx_word' id='word_1_293' title='bbox 357 3633 472 3690; x_wconf 88' lang='lat' dir='ltr'>sinunt:</span> <span class='ocrx_word' id='word_1_294' title='bbox 493 3651 610 3709; x_wconf 88' lang='lat' dir='ltr'>generos</span> <span class='ocrx_word' id='word_1_295' title='bbox 624 3633 746 3690; x_wconf 87' lang='lat' dir='ltr'>externis</span> <span class='ocrx_word' id='word_1_296' title='bbox 762 3632 848 3690; x_wconf 88' lang='lat' dir='ltr'>affore</span> <span class='ocrx_word' id='word_1_297' title='bbox 861 3632 897 3690; x_wconf 91' lang='lat' dir='ltr'>ab</span> <span class='ocrx_word' id='word_1_298' title='bbox 910 3629 975 3703; x_wconf 87' lang='lat' dir='ltr'>oris,</span> 
     </span>
     <span class='ocr_line' id='line_1_44' title="bbox 210 3711 982 3789; baseline -0.006 -16"><span class='ocrx_word' id='word_1_299' title='bbox 210 3715 277 3773; x_wconf 91' lang='lat' dir='ltr'>Hoc</span> <span class='ocrx_word' id='word_1_300' title='bbox 291 3713 376 3771; x_wconf 83' lang='lat' dir='ltr'>Latio</span> <span class='ocrx_word' id='word_1_301' title='bbox 389 3714 495 3769; x_wconf 86' lang='lat' dir='ltr'>restare</span> <span class='ocrx_word' id='word_1_302' title='bbox 508 3714 623 3782; x_wconf 87' lang='lat' dir='ltr'>canunt,</span> <span class='ocrx_word' id='word_1_303' title='bbox 637 3711 687 3788; x_wconf 94' lang='lat' dir='ltr'>qui</span> <span class='ocrx_word' id='word_1_304' title='bbox 700 3711 837 3789; x_wconf 88' lang='lat' dir='ltr'>sanguine</span> <span class='ocrx_word' id='word_1_305' title='bbox 850 3713 982 3769; x_wconf 90' lang='lat' dir='ltr'>nostrum</span> 
     </span>
     <span class='ocr_line' id='line_1_45' title="bbox 210 3790 997 3869; baseline -0.009 -15"><span class='ocrx_word' id='word_1_306' title='bbox 210 3794 325 3853; x_wconf 89' lang='lat' dir='ltr'>Nomen</span> <span class='ocrx_word' id='word_1_307' title='bbox 337 3793 368 3849; x_wconf 93' lang='lat' dir='ltr'>in</span> <span class='ocrx_word' id='word_1_308' title='bbox 382 3794 459 3849; x_wconf 88' lang='lat' dir='ltr'>astra</span> <span class='ocrx_word' id='word_1_309' title='bbox 471 3791 573 3850; x_wconf 84' lang='lat' dir='ltr'>ferant.</span> <span class='ocrx_word' id='word_1_310' title='bbox 612 3790 702 3849; x_wconf 91' lang='lat' dir='ltr'>Hune</span> <span class='ocrx_word' id='word_1_311' title='bbox 714 3790 798 3848; x_wconf 93' lang='lat' dir='ltr'>illum</span> <span class='ocrx_word' id='word_1_312' title='bbox 809 3811 924 3869; x_wconf 89' lang='lat' dir='ltr'>poscere</span> <span class='ocrx_word' id='word_1_313' title='bbox 936 3790 997 3848; x_wconf 84' lang='lat' dir='ltr'>fata</span> 
     </span>
     <span class='ocr_line' id='line_1_46' title="bbox 162 3869 930 3948; baseline -0.007 -15"><span class='ocrx_word' id='word_1_314' title='bbox 162 3936 165 3943; x_wconf 68' lang='grc'>,</span> <span class='ocrx_word' id='word_1_315' title='bbox 210 3874 252 3933; x_wconf 85' lang='lat' dir='ltr'>Et</span> <span class='ocrx_word' id='word_1_316' title='bbox 264 3893 335 3945; x_wconf 87' lang='lat' dir='ltr'>reor,</span> <span class='ocrx_word' id='word_1_317' title='bbox 349 3875 387 3943; x_wconf 89' lang='lat' dir='ltr'>et,</span> <span class='ocrx_word' id='word_1_318' title='bbox 401 3871 425 3929; x_wconf 92' lang='lat' dir='ltr'>si</span> <span class='ocrx_word' id='word_1_319' title='bbox 439 3870 507 3947; x_wconf 88' lang='lat' dir='ltr'>quid</span> <span class='ocrx_word' id='word_1_320' title='bbox 519 3869 580 3929; x_wconf 83' lang='lat' dir='ltr'>veri</span> <span class='ocrx_word' id='word_1_321' title='bbox 592 3890 672 3929; x_wconf 87' lang='lat' dir='ltr'>mens</span> <span class='ocrx_word' id='word_1_322' title='bbox 686 3874 816 3948; x_wconf 91' lang='lat' dir='ltr'>augurat,</span> <span class='ocrx_word' id='word_1_323' title='bbox 830 3870 930 3948; x_wconf 91' lang='lat' dir='ltr'>opt0.’&#39;</span> 
     </span>
     <span class='ocr_line' id='line_1_47' title="bbox 211 3949 928 4032; baseline -0.008 -18"><span class='ocrx_word' id='word_1_324' title='bbox 211 3953 285 4014; x_wconf 76' lang='lat' dir='ltr'>Haec</span> <span class='ocrx_word' id='word_1_325' title='bbox 298 3953 409 4025; x_wconf 88' lang='lat' dir='ltr'>effatus,</span> <span class='ocrx_word' id='word_1_326' title='bbox 423 3969 508 4028; x_wconf 87' lang='lat' dir='ltr'>equos</span> <span class='ocrx_word' id='word_1_327' title='bbox 521 3970 640 4009; x_wconf 91' lang='lat' dir='ltr'>numero</span> <span class='ocrx_word' id='word_1_328' title='bbox 652 3954 734 4028; x_wconf 89' lang='lat' dir='ltr'>pater</span> <span class='ocrx_word' id='word_1_329' title='bbox 746 3951 827 4032; x_wconf 85' lang='lat' dir='ltr'>eligit</span> <span class='ocrx_word' id='word_1_330' title='bbox 841 3949 928 4010; x_wconf 90' lang='lat' dir='ltr'>omni.</span> 
     </span>
    </p>
   </div>
   <div class='ocr_carea' id='block_1_4' title="bbox 0 0 1259 4298">
    <p class='ocr_par' dir='ltr' id='par_1_5' title="bbox 0 0 1259 4298">
     <span class='ocr_line' id='line_1_48' title="bbox 0 0 1259 4298; baseline 0 0"><span class='ocrx_word' id='word_1_331' title='bbox 0 0 1259 4298; x_wconf 95' lang='lat' dir='ltr'> </span> 
     </span>
    </p>
   </div>
  </div>
 </body>
</html>
