<?xml version="1.0" encoding="UTF-8"?>
<!DOCTYPE html PUBLIC "-//W3C//DTD XHTML 1.0 Transitional//EN"
    "http://www.w3.org/TR/xhtml1/DTD/xhtml1-transitional.dtd">
<html xmlns="http://www.w3.org/1999/xhtml" xml:lang="en" lang="en">
 <head>
  <title>
</title>
<meta http-equiv="Content-Type" content="text/html;charset=utf-8" />
  <meta name='ocr-system' content='tesseract 3.04.00' />
  <meta name='ocr-capabilities' content='ocr_page ocr_carea ocr_par ocr_line ocrx_word'/>
</head>
<body>
  <div class='ocr_page' id='page_1' title='image "./workspubliusvir00thomgoog_0325.png"; bbox 0 0 2506 4298; ppageno 0'>
   <div class='ocr_carea' id='block_1_1' title="bbox 432 198 1057 258">
    <p class='ocr_par' dir='ltr' id='par_1_1' title="bbox 432 198 1057 258">
     <span class='ocr_line' id='line_1_1' title="bbox 432 198 1057 258; baseline -0.002 0"><span class='ocrx_word' id='word_1_1' title='bbox 432 215 738 258; x_wconf 70' lang='lat' dir='ltr'>nrumosmmn.</span> <span class='ocrx_word' id='word_1_2' title='bbox 998 198 1057 257; x_wconf 80' lang='lat'>291</span> 
     </span>
    </p>
   </div>
   <div class='ocr_carea' id='block_1_2' title="bbox 12 312 868 515">
    <p class='ocr_par' dir='ltr' id='par_1_2' title="bbox 12 312 868 515">
     <span class='ocr_line' id='line_1_2' title="bbox 49 312 865 439; baseline -0.004 -20"><span class='ocrx_word' id='word_1_3' title='bbox 49 312 56 407; x_wconf 81' lang='lat' dir='ltr'>i</span> <span class='ocrx_word' id='word_1_4' title='bbox 97 358 160 439; x_wconf 32' lang='lat' dir='ltr'>,Sin</span> <span class='ocrx_word' id='word_1_5' title='bbox 172 357 296 436; x_wconf 78' lang='lat' dir='ltr'>aliquem</span> <span class='ocrx_word' id='word_1_6' title='bbox 307 358 457 416; x_wconf 90' lang='lat' dir='ltr'>infandum</span> <span class='ocrx_word' id='word_1_7' title='bbox 470 378 575 430; x_wconf 89' lang='lat' dir='ltr'>casum,</span> <span class='ocrx_word' id='word_1_8' title='bbox 589 358 727 430; x_wconf 75' lang='lat' dir='ltr'>Fortuna,</span> <span class='ocrx_word' id='word_1_9' title='bbox 740 357 865 430; x_wconf 87' lang='lat' dir='ltr'>minaris,</span> 
     </span>
     <span class='ocr_line' id='line_1_3' title="bbox 12 437 868 515; baseline 0 -19"><span class='ocrx_word' id='word_1_10' title='bbox 12 442 20 472; x_wconf 77' lang='lat'><em>³</em></span> <span class='ocrx_word' id='word_1_11' title='bbox 33 444 77 483; x_wconf 62' lang='lat'>⁹⁷·</span> <span class='ocrx_word' id='word_1_12' title='bbox 107 437 205 511; x_wconf 82' lang='lat' dir='ltr'>Nunc,</span> <span class='ocrx_word' id='word_1_13' title='bbox 218 459 236 497; x_wconf 95' lang='lat' dir='ltr'>o</span> <span class='ocrx_word' id='word_1_14' title='bbox 247 459 324 498; x_wconf 91' lang='lat' dir='ltr'>nunc</span> <span class='ocrx_word' id='word_1_15' title='bbox 337 438 422 496; x_wconf 88' lang='lat' dir='ltr'>liceat</span> <span class='ocrx_word' id='word_1_16' title='bbox 435 438 577 496; x_wconf 82' lang='lat' dir='ltr'>crudelem</span> <span class='ocrx_word' id='word_1_17' title='bbox 590 438 755 515; x_wconf 85' lang='lat' dir='ltr'>abrumpere</span> <span class='ocrx_word' id='word_1_18' title='bbox 768 438 868 510; x_wconf 84' lang='lat' dir='ltr'>vitem,</span> 
     </span>
    </p>
   </div>
   <div class='ocr_carea' id='block_1_3' title="bbox 10 494 1240 4022">
    <p class='ocr_par' dir='ltr' id='par_1_3' title="bbox 10 494 1240 2746">
     <span class='ocr_line' id='line_1_4' title="bbox 42 494 827 595; baseline 0 -19"><span class='ocrx_word' id='word_1_19' title='bbox 42 494 188 595; x_wconf 42' lang='lat' dir='ltr'>tainum</span> <span class='ocrx_word' id='word_1_20' title='bbox 202 538 275 577; x_wconf 86' lang='lat' dir='ltr'>curae</span> <span class='ocrx_word' id='word_1_21' title='bbox 288 518 436 595; x_wconf 77' lang='lat' dir='ltr'>ambigue,</span> <span class='ocrx_word' id='word_1_22' title='bbox 450 519 520 576; x_wconf 92' lang='lat' dir='ltr'>dum</span> <span class='ocrx_word' id='word_1_23' title='bbox 532 538 595 594; x_wconf 80' lang='lat' dir='ltr'>spes</span> <span class='ocrx_word' id='word_1_24' title='bbox 607 519 717 576; x_wconf 85' lang='lat' dir='ltr'>incerta</span> <span class='ocrx_word' id='word_1_25' title='bbox 728 518 827 590; x_wconf 89' lang='lat' dir='ltr'>futuri,</span> 
     </span>
     <span class='ocr_line' id='line_1_5' title="bbox 57 597 833 675; baseline 0 -19"><span class='ocrx_word' id='word_1_26' title='bbox 57 600 60 629; x_wconf 73' lang='lat'><strong>³</strong></span> <span class='ocrx_word' id='word_1_27' title='bbox 107 597 189 656; x_wconf 91' lang='lat' dir='ltr'>Dum</span> <span class='ocrx_word' id='word_1_28' title='bbox 202 600 241 670; x_wconf 88' lang='lat' dir='ltr'>te,</span> <span class='ocrx_word' id='word_1_29' title='bbox 255 617 317 656; x_wconf 88' lang='lat' dir='ltr'>care</span> <span class='ocrx_word' id='word_1_30' title='bbox 330 617 410 675; x_wconf 88' lang='lat' dir='ltr'>puer,</span> <span class='ocrx_word' id='word_1_31' title='bbox 425 616 489 656; x_wconf 90' lang='lat' dir='ltr'>mea</span> <span class='ocrx_word' id='word_1_32' title='bbox 502 617 564 656; x_wconf 90' lang='lat' dir='ltr'>sera</span> <span class='ocrx_word' id='word_1_33' title='bbox 576 602 607 656; x_wconf 90' lang='lat' dir='ltr'>et</span> <span class='ocrx_word' id='word_1_34' title='bbox 620 598 680 656; x_wconf 87' lang='lat' dir='ltr'>sola</span> <span class='ocrx_word' id='word_1_35' title='bbox 692 597 833 674; x_wconf 86' lang='lat' dir='ltr'>voluptas,</span> 
     </span>
     <span class='ocr_line' id='line_1_6' title="bbox 57 676 788 755; baseline -0.001 -19"><span class='ocrx_word' id='word_1_36' title='bbox 57 682 60 703; x_wconf 81' lang='lat'>³</span> <span class='ocrx_word' id='word_1_37' title='bbox 108 677 266 755; x_wconf 81' lang='lat' dir='ltr'>Complexo</span> <span class='ocrx_word' id='word_1_38' title='bbox 278 681 380 748; x_wconf 84' lang='lat' dir='ltr'>tene03</span> <span class='ocrx_word' id='word_1_39' title='bbox 399 676 513 755; x_wconf 87' lang='lat' dir='ltr'>gravior</span> <span class='ocrx_word' id='word_1_40' title='bbox 525 697 562 735; x_wconf 91' lang='lat' dir='ltr'>ne</span> <span class='ocrx_word' id='word_1_41' title='bbox 574 677 695 735; x_wconf 90' lang='lat' dir='ltr'>nuncius</span> <span class='ocrx_word' id='word_1_42' title='bbox 708 697 788 736; x_wconf 90' lang='lat' dir='ltr'>eures</span> 
     </span>
     <span class='ocr_line' id='line_1_7' title="bbox 107 755 895 834; baseline 0 -20"><span class='ocrx_word' id='word_1_43' title='bbox 107 757 276 816; x_wconf 86' lang='lat' dir='ltr'>Vulneret.”</span> <span class='ocrx_word' id='word_1_44' title='bbox 317 755 392 815; x_wconf 86' lang='lat' dir='ltr'>Haec</span> <span class='ocrx_word' id='word_1_45' title='bbox 405 757 519 834; x_wconf 86' lang='lat' dir='ltr'>genitor</span> <span class='ocrx_word' id='word_1_46' title='bbox 531 756 660 834; x_wconf 87' lang='lat' dir='ltr'>digressu</span> <span class='ocrx_word' id='word_1_47' title='bbox 673 756 751 815; x_wconf 84' lang='lat' dir='ltr'>dicta</span> <span class='ocrx_word' id='word_1_48' title='bbox 763 776 895 834; x_wconf 90' lang='lat' dir='ltr'>supremo</span> 
     </span>
     <span class='ocr_line' id='line_1_8' title="bbox 10 832 851 913; baseline -0.004 -16"><span class='ocrx_word' id='word_1_49' title='bbox 10 832 43 889; x_wconf 53' lang='lat' dir='ltr'>rt</span> <span class='ocrx_word' id='word_1_50' title='bbox 86 836 279 897; x_wconf 80' lang='lat' dir='ltr'>.·Fundsbat=</span> <span class='ocrx_word' id='word_1_51' title='bbox 298 836 399 896; x_wconf 88' lang='lat' dir='ltr'>famuli</span> <span class='ocrx_word' id='word_1_52' title='bbox 412 837 567 913; x_wconf 90' lang='lat' dir='ltr'>collapsum</span> <span class='ocrx_word' id='word_1_53' title='bbox 579 836 609 894; x_wconf 89' lang='lat' dir='ltr'>in</span> <span class='ocrx_word' id='word_1_54' title='bbox 622 839 701 895; x_wconf 90' lang='lat' dir='ltr'>tecta</span> <span class='ocrx_word' id='word_1_55' title='bbox 713 837 851 895; x_wconf 87' lang='lat' dir='ltr'>ferebant.</span> 
     </span>
     <span class='ocr_line' id='line_1_9' title="bbox 147 915 870 994; baseline -0.001 -19"><span class='ocrx_word' id='word_1_56' title='bbox 147 916 272 994; x_wconf 80' lang='lat' dir='ltr'>Jamque</span> <span class='ocrx_word' id='word_1_57' title='bbox 285 916 354 975; x_wconf 86' lang='lat' dir='ltr'>adeo</span> <span class='ocrx_word' id='word_1_58' title='bbox 368 915 475 974; x_wconf 82' lang='lat' dir='ltr'>exierat</span> <span class='ocrx_word' id='word_1_59' title='bbox 487 916 577 992; x_wconf 85' lang='lat' dir='ltr'>portis</span> <span class='ocrx_word' id='word_1_60' title='bbox 591 917 736 993; x_wconf 89' lang='lat' dir='ltr'>equitatus</span> <span class='ocrx_word' id='word_1_61' title='bbox 749 916 870 994; x_wconf 88' lang='lat' dir='ltr'>apertis;</span> 
     </span>
     <span class='ocr_line' id='line_1_10' title="bbox 107 995 708 1074; baseline 0 -20"><span class='ocrx_word' id='word_1_62' title='bbox 107 996 214 1054; x_wconf 79' lang='lat' dir='ltr'>AEneas</span> <span class='ocrx_word' id='word_1_63' title='bbox 226 997 303 1054; x_wconf 86' lang='lat' dir='ltr'>inter</span> <span class='ocrx_word' id='word_1_64' title='bbox 314 995 421 1074; x_wconf 88' lang='lat' dir='ltr'>primos</span> <span class='ocrx_word' id='word_1_65' title='bbox 434 999 464 1054; x_wconf 93' lang='lat' dir='ltr'>et</span> <span class='ocrx_word' id='word_1_66' title='bbox 478 995 552 1053; x_wconf 89' lang='lat' dir='ltr'>fidus</span> <span class='ocrx_word' id='word_1_67' title='bbox 565 995 708 1068; x_wconf 80' lang='lat' dir='ltr'>Achates3</span> 
     </span>
     <span class='ocr_line' id='line_1_11' title="bbox 108 1074 821 1153; baseline 0 -19"><span class='ocrx_word' id='word_1_68' title='bbox 108 1076 182 1134; x_wconf 87' lang='lat' dir='ltr'>Inde</span> <span class='ocrx_word' id='word_1_69' title='bbox 195 1076 243 1133; x_wconf 90' lang='lat' dir='ltr'>alii</span> <span class='ocrx_word' id='word_1_70' title='bbox 256 1075 348 1153; x_wconf 82' lang='lat' dir='ltr'>Trojae</span> <span class='ocrx_word' id='word_1_71' title='bbox 361 1094 505 1152; x_wconf 80' lang='lat' dir='ltr'>proceres3</span> <span class='ocrx_word' id='word_1_72' title='bbox 525 1075 586 1152; x_wconf 91' lang='lat' dir='ltr'>ipse</span> <span class='ocrx_word' id='word_1_73' title='bbox 599 1076 713 1152; x_wconf 79' lang='lat' dir='ltr'>agmine</span> <span class='ocrx_word' id='word_1_74' title='bbox 726 1074 821 1134; x_wconf 85' lang='lat' dir='ltr'>Pallas</span> 
     </span>
     <span class='ocr_line' id='line_1_12' title="bbox 107 1154 906 1233; baseline 0 -21"><span class='ocrx_word' id='word_1_75' title='bbox 107 1155 145 1213; x_wconf 95' lang='lat' dir='ltr'>In</span> <span class='ocrx_word' id='word_1_76' title='bbox 158 1156 261 1227; x_wconf 86' lang='lat' dir='ltr'>medio,</span> <span class='ocrx_word' id='word_1_77' title='bbox 275 1155 425 1232; x_wconf 82' lang='lat' dir='ltr'>chlamyde</span> <span class='ocrx_word' id='word_1_78' title='bbox 437 1158 468 1213; x_wconf 95' lang='lat' dir='ltr'>et</span> <span class='ocrx_word' id='word_1_79' title='bbox 481 1154 566 1232; x_wconf 88' lang='lat' dir='ltr'>pictis</span> <span class='ocrx_word' id='word_1_80' title='bbox 579 1159 747 1233; x_wconf 86' lang='lat' dir='ltr'>conspectus</span> <span class='ocrx_word' id='word_1_81' title='bbox 760 1155 791 1213; x_wconf 93' lang='lat' dir='ltr'>in</span> <span class='ocrx_word' id='word_1_82' title='bbox 804 1154 906 1214; x_wconf 83' lang='lat' dir='ltr'>armis:</span> 
     </span>
     <span class='ocr_line' id='line_1_13' title="bbox 107 1215 1145 1317; baseline -0.007 -24"><span class='ocrx_word' id='word_1_83' title='bbox 107 1234 206 1308; x_wconf 80' lang='lat' dir='ltr'>Qualis</span> <span class='ocrx_word' id='word_1_84' title='bbox 219 1235 269 1293; x_wconf 92' lang='lat' dir='ltr'>ubi</span> <span class='ocrx_word' id='word_1_85' title='bbox 283 1235 379 1294; x_wconf 88' lang='lat' dir='ltr'>oceani</span> <span class='ocrx_word' id='word_1_86' title='bbox 391 1235 521 1317; x_wconf 67' lang='lat' dir='ltr'>perfusus</span> <span class='ocrx_word' id='word_1_87' title='bbox 534 1234 649 1293; x_wconf 80' lang='lat' dir='ltr'>Lucifer</span> <span class='ocrx_word' id='word_1_88' title='bbox 661 1235 747 1314; x_wconf 78' lang='lat' dir='ltr'>unda,</span> <span class='ocrx_word' id='word_1_89' title='bbox 771 1215 888 1301; x_wconf 50' lang='lat'>2⁴9⁴?</span> <span class='ocrx_word' id='word_1_90' title='bbox 901 1218 983 1314; x_wconf 60' lang='lat' dir='ltr'>(aaa</span> <span class='ocrx_word' id='word_1_91' title='bbox 1024 1237 1145 1286; x_wconf 56' lang='lat' dir='ltr'>reatae</span> 
     </span>
     <span class='ocr_line' id='line_1_14' title="bbox 34 1314 858 1392; baseline -0.001 -19"><span class='ocrx_word' id='word_1_92' title='bbox 34 1315 200 1391; x_wconf 68' lang='lat' dir='ltr'>ssQuem</span> <span class='ocrx_word' id='word_1_93' title='bbox 213 1315 311 1372; x_wconf 88' lang='lat' dir='ltr'>Venus</span> <span class='ocrx_word' id='word_1_94' title='bbox 325 1317 391 1373; x_wconf 91' lang='lat' dir='ltr'>ante</span> <span class='ocrx_word' id='word_1_95' title='bbox 404 1314 473 1372; x_wconf 80' lang='lat' dir='ltr'>alios</span> <span class='ocrx_word' id='word_1_96' title='bbox 487 1316 629 1372; x_wconf 86' lang='lat' dir='ltr'>astrorum</span> <span class='ocrx_word' id='word_1_97' title='bbox 642 1315 737 1392; x_wconf 88' lang='lat' dir='ltr'>diligit</span> <span class='ocrx_word' id='word_1_98' title='bbox 749 1314 840 1390; x_wconf 89' lang='lat' dir='ltr'>ignes,</span> <span class='ocrx_word' id='word_1_99' title='bbox 852 1316 858 1333; x_wconf 86' lang='lat'><strong><em>¹</em></strong></span> 
     </span>
     <span class='ocr_line' id='line_1_15' title="bbox 43 1393 826 1471; baseline -0.001 -19"><span class='ocrx_word' id='word_1_100' title='bbox 43 1394 46 1399; x_wconf 79' lang='grc'><strong>’</strong></span> <span class='ocrx_word' id='word_1_101' title='bbox 106 1394 225 1452; x_wconf 81' lang='lat' dir='ltr'>Extulit</span> <span class='ocrx_word' id='word_1_102' title='bbox 238 1415 269 1452; x_wconf 92' lang='lat' dir='ltr'>os</span> <span class='ocrx_word' id='word_1_103' title='bbox 283 1414 394 1452; x_wconf 91' lang='lat' dir='ltr'>sacrum</span> <span class='ocrx_word' id='word_1_104' title='bbox 408 1393 488 1466; x_wconf 88' lang='lat' dir='ltr'>coelo,</span> <span class='ocrx_word' id='word_1_105' title='bbox 501 1393 688 1471; x_wconf 69' lang='lat' dir='ltr'>tenebrasque</span> <span class='ocrx_word' id='word_1_106' title='bbox 700 1394 826 1452; x_wconf 88' lang='lat' dir='ltr'>resolvit.</span> 
     </span>
     <span class='ocr_line' id='line_1_16' title="bbox 107 1473 916 1550; baseline -0.002 -18"><span class='ocrx_word' id='word_1_107' title='bbox 107 1474 195 1532; x_wconf 85' lang='lat' dir='ltr'>Stant</span> <span class='ocrx_word' id='word_1_108' title='bbox 207 1474 315 1550; x_wconf 80' lang='lat' dir='ltr'>pavidae</span> <span class='ocrx_word' id='word_1_109' title='bbox 328 1473 358 1531; x_wconf 94' lang='lat' dir='ltr'>in</span> <span class='ocrx_word' id='word_1_110' title='bbox 371 1474 460 1532; x_wconf 85' lang='lat' dir='ltr'>muris</span> <span class='ocrx_word' id='word_1_111' title='bbox 473 1476 588 1544; x_wconf 86' lang='lat' dir='ltr'>matres,</span> <span class='ocrx_word' id='word_1_112' title='bbox 602 1474 745 1550; x_wconf 91' lang='lat' dir='ltr'>oculisque</span> <span class='ocrx_word' id='word_1_113' title='bbox 758 1475 916 1550; x_wconf 88' lang='lat' dir='ltr'>sequuntur</span> 
     </span>
     <span class='ocr_line' id='line_1_17' title="bbox 106 1553 811 1630; baseline -0.003 -18"><span class='ocrx_word' id='word_1_114' title='bbox 106 1553 276 1612; x_wconf 87' lang='lat' dir='ltr'>Pulveream</span> <span class='ocrx_word' id='word_1_115' title='bbox 289 1553 394 1611; x_wconf 89' lang='lat' dir='ltr'>nubem</span> <span class='ocrx_word' id='word_1_116' title='bbox 408 1556 438 1611; x_wconf 92' lang='lat' dir='ltr'>et</span> <span class='ocrx_word' id='word_1_117' title='bbox 451 1553 595 1630; x_wconf 77' lang='lat' dir='ltr'>fulgentes</span> <span class='ocrx_word' id='word_1_118' title='bbox 609 1574 662 1612; x_wconf 85' lang='lat' dir='ltr'>aere</span> <span class='ocrx_word' id='word_1_119' title='bbox 675 1558 811 1611; x_wconf 88' lang='lat' dir='ltr'>catervas.</span> 
     </span>
     <span class='ocr_line' id='line_1_18' title="bbox 106 1633 787 1711; baseline -0.001 -20"><span class='ocrx_word' id='word_1_120' title='bbox 106 1633 167 1692; x_wconf 86' lang='lat' dir='ltr'>Olli</span> <span class='ocrx_word' id='word_1_121' title='bbox 179 1653 230 1711; x_wconf 88' lang='lat' dir='ltr'>per</span> <span class='ocrx_word' id='word_1_122' title='bbox 242 1633 352 1704; x_wconf 92' lang='lat' dir='ltr'>dumos,</span> <span class='ocrx_word' id='word_1_123' title='bbox 366 1653 423 1710; x_wconf 90' lang='lat' dir='ltr'>qua</span> <span class='ocrx_word' id='word_1_124' title='bbox 434 1633 564 1710; x_wconf 81' lang='lat' dir='ltr'>proxima</span> <span class='ocrx_word' id='word_1_125' title='bbox 576 1635 655 1691; x_wconf 89' lang='lat' dir='ltr'>meta</span> <span class='ocrx_word' id='word_1_126' title='bbox 666 1633 787 1705; x_wconf 86' lang='lat' dir='ltr'>viarum,</span> 
     </span>
     <span class='ocr_line' id='line_1_19' title="bbox 108 1711 1102 1790; baseline -0.001 -20"><span class='ocrx_word' id='word_1_127' title='bbox 108 1713 224 1771; x_wconf 85' lang='lat' dir='ltr'>Armati</span> <span class='ocrx_word' id='word_1_128' title='bbox 236 1713 370 1771; x_wconf 88' lang='lat' dir='ltr'>tendunt.</span> <span class='ocrx_word' id='word_1_129' title='bbox 410 1711 443 1770; x_wconf 95' lang='lat' dir='ltr'>It</span> <span class='ocrx_word' id='word_1_130' title='bbox 457 1713 570 1783; x_wconf 91' lang='lat' dir='ltr'>clamor,</span> <span class='ocrx_word' id='word_1_131' title='bbox 584 1715 614 1770; x_wconf 91' lang='lat' dir='ltr'>et</span> <span class='ocrx_word' id='word_1_132' title='bbox 627 1712 740 1790; x_wconf 84' lang='lat' dir='ltr'>agmine</span> <span class='ocrx_word' id='word_1_133' title='bbox 753 1713 829 1770; x_wconf 89' lang='lat' dir='ltr'>facto</span> <span class='ocrx_word' id='word_1_134' title='bbox 1089 1756 1102 1784; x_wconf 58' lang='lat' dir='ltr'><em>f</em></span> 
     </span>
     <span class='ocr_line' id='line_1_20' title="bbox 32 1766 1240 1881; baseline -0.008 -30"><span class='ocrx_word' id='word_1_135' title='bbox 32 1798 41 1817; x_wconf 78' lang='grc'><em>’</em></span> <span class='ocrx_word' id='word_1_136' title='bbox 110 1792 349 1869; x_wconf 78' lang='lat' dir='ltr'>Quadrupedante</span> <span class='ocrx_word' id='word_1_137' title='bbox 362 1794 477 1869; x_wconf 82' lang='lat' dir='ltr'>putrem</span> <span class='ocrx_word' id='word_1_138' title='bbox 491 1792 588 1851; x_wconf 91' lang='lat' dir='ltr'>sonitu</span> <span class='ocrx_word' id='word_1_139' title='bbox 601 1792 696 1869; x_wconf 86' lang='lat' dir='ltr'>quatit</span> <span class='ocrx_word' id='word_1_140' title='bbox 709 1791 818 1868; x_wconf 87' lang='lat' dir='ltr'>ungula</span> <span class='ocrx_word' id='word_1_141' title='bbox 830 1808 970 1866; x_wconf 90' lang='lat' dir='ltr'>campum.</span> <span class='ocrx_word' id='word_1_142' title='bbox 997 1768 1109 1881; x_wconf 41' lang='lat' dir='ltr'>‘tresel&#39;</span> <span class='ocrx_word' id='word_1_143' title='bbox 1129 1766 1240 1881; x_wconf 59' lang='lat' dir='ltr'>stlat«</span> 
     </span>
     <span class='ocr_line' id='line_1_21' title="bbox 109 1870 910 1950; baseline -0.002 -20"><span class='ocrx_word' id='word_1_144' title='bbox 109 1873 167 1930; x_wconf 81' lang='lat' dir='ltr'>Est</span> <span class='ocrx_word' id='word_1_145' title='bbox 179 1872 281 1949; x_wconf 89' lang='lat' dir='ltr'>ingens</span> <span class='ocrx_word' id='word_1_146' title='bbox 294 1871 420 1950; x_wconf 85' lang='lat' dir='ltr'>gelidum</span> <span class='ocrx_word' id='word_1_147' title='bbox 433 1871 513 1931; x_wconf 89' lang='lat' dir='ltr'>lucus</span> <span class='ocrx_word' id='word_1_148' title='bbox 526 1892 613 1950; x_wconf 87' lang='lat' dir='ltr'>prope</span> <span class='ocrx_word' id='word_1_149' title='bbox 627 1870 738 1929; x_wconf 79' lang='lat' dir='ltr'>(laeritis</span> <span class='ocrx_word' id='word_1_150' title='bbox 752 1890 873 1942; x_wconf 88' lang='lat' dir='ltr'>amnem,</span> <span class='ocrx_word' id='word_1_151' title='bbox 908 1917 910 1921; x_wconf 59' lang='grc'>,</span> 
     </span>
     <span class='ocr_line' id='line_1_22' title="bbox 108 1951 810 2029; baseline -0.001 -19"><span class='ocrx_word' id='word_1_152' title='bbox 108 1951 261 2029; x_wconf 87' lang='lat' dir='ltr'>Religione</span> <span class='ocrx_word' id='word_1_153' title='bbox 274 1955 390 2029; x_wconf 85' lang='lat' dir='ltr'>patrum</span> <span class='ocrx_word' id='word_1_154' title='bbox 402 1951 460 2010; x_wconf 88' lang='lat' dir='ltr'>late</span> <span class='ocrx_word' id='word_1_155' title='bbox 474 1971 567 2023; x_wconf 82' lang='lat' dir='ltr'>sacer3</span> <span class='ocrx_word' id='word_1_156' title='bbox 587 1951 712 2028; x_wconf 91' lang='lat' dir='ltr'>undique</span> <span class='ocrx_word' id='word_1_157' title='bbox 726 1951 810 2009; x_wconf 91' lang='lat' dir='ltr'>colles</span> 
     </span>
     <span class='ocr_line' id='line_1_23' title="bbox 109 2024 832 2109; baseline -0.001 -20"><span class='ocrx_word' id='word_1_158' title='bbox 109 2031 256 2090; x_wconf 78' lang='lat' dir='ltr'>inclusere</span> <span class='ocrx_word' id='word_1_159' title='bbox 269 2030 331 2090; x_wconf 86' lang='lat' dir='ltr'>cavi</span> <span class='ocrx_word' id='word_1_160' title='bbox 344 2034 374 2090; x_wconf 88' lang='lat' dir='ltr'>et</span> <span class='ocrx_word' id='word_1_161' title='bbox 387 2024 471 2109; x_wconf 75' lang='lat' dir='ltr'>nigrd</span> <span class='ocrx_word' id='word_1_162' title='bbox 483 2050 583 2089; x_wconf 89' lang='lat' dir='ltr'>nemus</span> <span class='ocrx_word' id='word_1_163' title='bbox 596 2031 689 2090; x_wconf 88' lang='lat' dir='ltr'>abiete</span> <span class='ocrx_word' id='word_1_164' title='bbox 702 2030 832 2108; x_wconf 75' lang='lat' dir='ltr'>cingrmt.</span> 
     </span>
     <span class='ocr_line' id='line_1_24' title="bbox 109 2110 787 2188; baseline 0 -20"><span class='ocrx_word' id='word_1_165' title='bbox 109 2111 225 2169; x_wconf 85' lang='lat' dir='ltr'>Silvano</span> <span class='ocrx_word' id='word_1_166' title='bbox 238 2111 315 2170; x_wconf 85' lang='lat' dir='ltr'>ferna</span> <span class='ocrx_word' id='word_1_167' title='bbox 327 2115 372 2170; x_wconf 91' lang='lat' dir='ltr'>est</span> <span class='ocrx_word' id='word_1_168' title='bbox 384 2115 494 2169; x_wconf 88' lang='lat' dir='ltr'>veteres</span> <span class='ocrx_word' id='word_1_169' title='bbox 507 2131 630 2169; x_wconf 81' lang='lat' dir='ltr'>sacrasse</span> <span class='ocrx_word' id='word_1_170' title='bbox 643 2110 787 2188; x_wconf 89' lang='lat' dir='ltr'>Pelasgos,</span> 
     </span>
     <span class='ocr_line' id='line_1_25' title="bbox 109 2190 823 2268; baseline 0 -20"><span class='ocrx_word' id='word_1_171' title='bbox 109 2192 253 2249; x_wconf 86' lang='lat' dir='ltr'>Arvorum</span> <span class='ocrx_word' id='word_1_172' title='bbox 267 2191 431 2268; x_wconf 86' lang='lat' dir='ltr'>pecorisque</span> <span class='ocrx_word' id='word_1_173' title='bbox 444 2191 505 2261; x_wconf 90' lang='lat' dir='ltr'>deo,</span> <span class='ocrx_word' id='word_1_174' title='bbox 517 2190 670 2267; x_wconf 91' lang='lat' dir='ltr'>lucumque</span> <span class='ocrx_word' id='word_1_175' title='bbox 683 2190 823 2268; x_wconf 88' lang='lat' dir='ltr'>diemque,</span> 
     </span>
     <span class='ocr_line' id='line_1_26' title="bbox 110 2270 794 2348; baseline -0.001 -20"><span class='ocrx_word' id='word_1_176' title='bbox 110 2270 168 2342; x_wconf 83' lang='lat' dir='ltr'>Qui</span> <span class='ocrx_word' id='word_1_177' title='bbox 180 2270 267 2348; x_wconf 87' lang='lat' dir='ltr'>primi</span> <span class='ocrx_word' id='word_1_178' title='bbox 279 2271 350 2329; x_wconf 88' lang='lat' dir='ltr'>fines</span> <span class='ocrx_word' id='word_1_179' title='bbox 363 2270 514 2347; x_wconf 88' lang='lat' dir='ltr'>aliquando</span> <span class='ocrx_word' id='word_1_180' title='bbox 527 2271 651 2329; x_wconf 88' lang='lat' dir='ltr'>habuere</span> <span class='ocrx_word' id='word_1_181' title='bbox 664 2271 794 2329; x_wconf 81' lang='lat' dir='ltr'>Latinos.</span> 
     </span>
     <span class='ocr_line' id='line_1_27' title="bbox 108 2347 942 2428; baseline -0.004 -20"><span class='ocrx_word' id='word_1_182' title='bbox 108 2350 201 2408; x_wconf 87' lang='lat' dir='ltr'>Haud</span> <span class='ocrx_word' id='word_1_183' title='bbox 212 2351 311 2428; x_wconf 90' lang='lat' dir='ltr'>procul</span> <span class='ocrx_word' id='word_1_184' title='bbox 323 2350 391 2408; x_wconf 92' lang='lat' dir='ltr'>hinc</span> <span class='ocrx_word' id='word_1_185' title='bbox 404 2349 516 2408; x_wconf 85' lang='lat' dir='ltr'>Tarcho</span> <span class='ocrx_word' id='word_1_186' title='bbox 529 2353 559 2408; x_wconf 90' lang='lat' dir='ltr'>et</span> <span class='ocrx_word' id='word_1_187' title='bbox 573 2350 715 2428; x_wconf 86' lang='lat' dir='ltr'>Tyrrheni</span> <span class='ocrx_word' id='word_1_188' title='bbox 727 2353 794 2409; x_wconf 88' lang='lat' dir='ltr'>tuta</span> <span class='ocrx_word' id='word_1_189' title='bbox 805 2347 942 2408; x_wconf 87' lang='lat' dir='ltr'>tenebant</span> 
     </span>
     <span class='ocr_line' id='line_1_28' title="bbox 109 2429 786 2507; baseline -0.001 -19"><span class='ocrx_word' id='word_1_190' title='bbox 109 2429 213 2488; x_wconf 77' lang='lat' dir='ltr'>Castra</span> <span class='ocrx_word' id='word_1_191' title='bbox 224 2430 303 2501; x_wconf 90' lang='lat' dir='ltr'>locis,</span> <span class='ocrx_word' id='word_1_192' title='bbox 316 2430 445 2507; x_wconf 92' lang='lat' dir='ltr'>celsoque</span> <span class='ocrx_word' id='word_1_193' title='bbox 458 2429 551 2488; x_wconf 89' lang='lat' dir='ltr'>omnis</span> <span class='ocrx_word' id='word_1_194' title='bbox 565 2430 600 2488; x_wconf 91' lang='lat' dir='ltr'>de</span> <span class='ocrx_word' id='word_1_195' title='bbox 613 2429 683 2488; x_wconf 90' lang='lat' dir='ltr'>colle</span> <span class='ocrx_word' id='word_1_196' title='bbox 695 2430 786 2488; x_wconf 86' lang='lat' dir='ltr'>videri</span> 
     </span>
     <span class='ocr_line' id='line_1_29' title="bbox 109 2509 815 2587; baseline -0.003 -19"><span class='ocrx_word' id='word_1_197' title='bbox 109 2509 133 2568; x_wconf 88' lang='lat' dir='ltr'><strong>J</strong></span> <span class='ocrx_word' id='word_1_198' title='bbox 133 2529 181 2567; x_wconf 88' lang='lat' dir='ltr'>am</span> <span class='ocrx_word' id='word_1_199' title='bbox 193 2512 307 2587; x_wconf 87' lang='lat' dir='ltr'>poterat</span> <span class='ocrx_word' id='word_1_200' title='bbox 319 2509 402 2587; x_wconf 90' lang='lat' dir='ltr'>legi0,</span> <span class='ocrx_word' id='word_1_201' title='bbox 416 2513 446 2569; x_wconf 91' lang='lat' dir='ltr'>et</span> <span class='ocrx_word' id='word_1_202' title='bbox 458 2509 526 2568; x_wconf 84' lang='lat' dir='ltr'>latis</span> <span class='ocrx_word' id='word_1_203' title='bbox 537 2509 675 2568; x_wconf 89' lang='lat' dir='ltr'>tendebat</span> <span class='ocrx_word' id='word_1_204' title='bbox 687 2510 719 2568; x_wconf 89' lang='lat' dir='ltr'>in</span> <span class='ocrx_word' id='word_1_205' title='bbox 731 2509 815 2568; x_wconf 88' lang='lat' dir='ltr'>arvis.</span> 
     </span>
     <span class='ocr_line' id='line_1_30' title="bbox 109 2588 758 2668; baseline 0.002 -21"><span class='ocrx_word' id='word_1_206' title='bbox 109 2588 180 2647; x_wconf 90' lang='lat' dir='ltr'>Huc</span> <span class='ocrx_word' id='word_1_207' title='bbox 193 2592 275 2667; x_wconf 88' lang='lat' dir='ltr'>pater</span> <span class='ocrx_word' id='word_1_208' title='bbox 288 2589 394 2648; x_wconf 81' lang='lat' dir='ltr'>AEneas</span> <span class='ocrx_word' id='word_1_209' title='bbox 407 2592 437 2649; x_wconf 92' lang='lat' dir='ltr'>et</span> <span class='ocrx_word' id='word_1_210' title='bbox 450 2589 524 2648; x_wconf 88' lang='lat' dir='ltr'>bello</span> <span class='ocrx_word' id='word_1_211' title='bbox 537 2589 612 2647; x_wconf 88' lang='lat' dir='ltr'>lecta</span> <span class='ocrx_word' id='word_1_212' title='bbox 620 2589 758 2668; x_wconf 80' lang='lat' dir='ltr'>juventus</span> 
     </span>
     <span class='ocr_line' id='line_1_31' title="bbox 110 2669 855 2746; baseline -0.003 -20"><span class='ocrx_word' id='word_1_213' title='bbox 110 2669 282 2740; x_wconf 86' lang='lat' dir='ltr'>Succedunt,</span> <span class='ocrx_word' id='word_1_214' title='bbox 295 2669 416 2746; x_wconf 83' lang='lat' dir='ltr'>fessique</span> <span class='ocrx_word' id='word_1_215' title='bbox 429 2671 460 2727; x_wconf 88' lang='lat' dir='ltr'>et</span> <span class='ocrx_word' id='word_1_216' title='bbox 473 2689 559 2746; x_wconf 92' lang='lat' dir='ltr'>equos</span> <span class='ocrx_word' id='word_1_217' title='bbox 572 2671 603 2728; x_wconf 90' lang='lat' dir='ltr'>et</span> <span class='ocrx_word' id='word_1_218' title='bbox 616 2686 733 2746; x_wconf 72' lang='lat' dir='ltr'>corpora</span> <span class='ocrx_word' id='word_1_219' title='bbox 745 2670 855 2728; x_wconf 87' lang='lat' dir='ltr'>curant.</span> 
     </span>
    </p>

    <p class='ocr_par' dir='ltr' id='par_1_4' title="bbox 110 2747 867 2985">
     <span class='ocr_line' id='line_1_32' title="bbox 150 2747 860 2807; baseline -0.001 -1"><span class='ocrx_word' id='word_1_220' title='bbox 150 2750 194 2807; x_wconf 90' lang='lat' dir='ltr'>At</span> <span class='ocrx_word' id='word_1_221' title='bbox 206 2749 304 2807; x_wconf 90' lang='lat' dir='ltr'>Venus</span> <span class='ocrx_word' id='word_1_222' title='bbox 317 2749 449 2807; x_wconf 74' lang='lat' dir='ltr'>aetherios</span> <span class='ocrx_word' id='word_1_223' title='bbox 461 2749 538 2807; x_wconf 90' lang='lat' dir='ltr'>inter</span> <span class='ocrx_word' id='word_1_224' title='bbox 551 2748 604 2807; x_wconf 85' lang='lat' dir='ltr'>dea</span> <span class='ocrx_word' id='word_1_225' title='bbox 616 2749 737 2807; x_wconf 83' lang='lat' dir='ltr'>candida</span> <span class='ocrx_word' id='word_1_226' title='bbox 748 2747 860 2806; x_wconf 90' lang='lat' dir='ltr'>nimbos</span> 
     </span>
     <span class='ocr_line' id='line_1_33' title="bbox 110 2827 867 2904; baseline -0.001 -18"><span class='ocrx_word' id='word_1_227' title='bbox 110 2827 198 2886; x_wconf 90' lang='lat' dir='ltr'>Dona</span> <span class='ocrx_word' id='word_1_228' title='bbox 209 2828 301 2886; x_wconf 88' lang='lat' dir='ltr'>ferens</span> <span class='ocrx_word' id='word_1_229' title='bbox 315 2829 429 2900; x_wconf 81' lang='lat' dir='ltr'>aderat3</span> <span class='ocrx_word' id='word_1_230' title='bbox 449 2831 606 2904; x_wconf 89' lang='lat' dir='ltr'>natumque</span> <span class='ocrx_word' id='word_1_231' title='bbox 619 2828 650 2885; x_wconf 89' lang='lat' dir='ltr'>in</span> <span class='ocrx_word' id='word_1_232' title='bbox 663 2828 736 2886; x_wconf 88' lang='lat' dir='ltr'>valle</span> <span class='ocrx_word' id='word_1_233' title='bbox 749 2827 867 2886; x_wconf 85' lang='lat' dir='ltr'>reducta</span> 
     </span>
     <span class='ocr_line' id='line_1_34' title="bbox 110 2907 770 2985; baseline -0.002 -19"><span class='ocrx_word' id='word_1_234' title='bbox 110 2907 156 2966; x_wconf 88' lang='lat' dir='ltr'>Ut</span> <span class='ocrx_word' id='word_1_235' title='bbox 169 2907 269 2985; x_wconf 87' lang='lat' dir='ltr'>procul</span> <span class='ocrx_word' id='word_1_236' title='bbox 281 2907 390 2985; x_wconf 84' lang='lat' dir='ltr'>egelido</span> <span class='ocrx_word' id='word_1_237' title='bbox 404 2911 546 2967; x_wconf 89' lang='lat' dir='ltr'>secretum</span> <span class='ocrx_word' id='word_1_238' title='bbox 557 2907 674 2966; x_wconf 89' lang='lat' dir='ltr'>flumine</span> <span class='ocrx_word' id='word_1_239' title='bbox 687 2907 770 2978; x_wconf 85' lang='lat' dir='ltr'>vidit,</span> 
     </span>
    </p>

    <p class='ocr_par' dir='ltr' id='par_1_5' title="bbox 109 2987 823 3064">
     <span class='ocr_line' id='line_1_35' title="bbox 109 2987 823 3064; baseline -0.003 -18"><span class='ocrx_word' id='word_1_240' title='bbox 109 2987 229 3046; x_wconf 76' lang='lat' dir='ltr'>Talibus</span> <span class='ocrx_word' id='word_1_241' title='bbox 244 2988 331 3045; x_wconf 86' lang='lat' dir='ltr'>affata</span> <span class='ocrx_word' id='word_1_242' title='bbox 343 2990 388 3046; x_wconf 91' lang='lat' dir='ltr'>est</span> <span class='ocrx_word' id='word_1_243' title='bbox 402 2987 495 3060; x_wconf 89' lang='lat' dir='ltr'>dictis,</span> <span class='ocrx_word' id='word_1_244' title='bbox 508 3006 595 3064; x_wconf 89' lang='lat' dir='ltr'>seque</span> <span class='ocrx_word' id='word_1_245' title='bbox 608 2987 716 3045; x_wconf 88' lang='lat' dir='ltr'>obtulit</span> <span class='ocrx_word' id='word_1_246' title='bbox 729 2987 823 3045; x_wconf 86' lang='lat' dir='ltr'>ultro:</span> 
     </span>
    </p>

    <p class='ocr_par' dir='ltr' id='par_1_6' title="bbox 110 3062 880 3387">
     <span class='ocr_line' id='line_1_36' title="bbox 111 3062 763 3144; baseline 0.003 -20"><span class='ocrx_word' id='word_1_247' title='bbox 111 3071 129 3099; x_wconf 81' lang='lat'>‘⁴</span> <span class='ocrx_word' id='word_1_248' title='bbox 138 3067 187 3124; x_wconf 86' lang='lat' dir='ltr'>En</span> <span class='ocrx_word' id='word_1_249' title='bbox 200 3062 394 3144; x_wconf 61' lang='lat' dir='ltr'>perfecta&#39;mei</span> <span class='ocrx_word' id='word_1_250' title='bbox 406 3067 546 3144; x_wconf 86' lang='lat' dir='ltr'>promissa</span> <span class='ocrx_word' id='word_1_251' title='bbox 559 3067 687 3144; x_wconf 88' lang='lat' dir='ltr'>conjugis</span> <span class='ocrx_word' id='word_1_252' title='bbox 701 3071 763 3126; x_wconf 85' lang='lat' dir='ltr'>erte</span> 
     </span>
     <span class='ocr_line' id='line_1_37' title="bbox 110 3145 880 3223; baseline -0.003 -19"><span class='ocrx_word' id='word_1_253' title='bbox 110 3146 251 3218; x_wconf 82' lang='lat' dir='ltr'>Munera3</span> <span class='ocrx_word' id='word_1_254' title='bbox 271 3167 308 3204; x_wconf 91' lang='lat' dir='ltr'>ne</span> <span class='ocrx_word' id='word_1_255' title='bbox 321 3167 388 3205; x_wconf 86' lang='lat' dir='ltr'>mox</span> <span class='ocrx_word' id='word_1_256' title='bbox 401 3150 453 3205; x_wconf 87' lang='lat' dir='ltr'>aut</span> <span class='ocrx_word' id='word_1_257' title='bbox 466 3146 633 3218; x_wconf 83' lang='lat' dir='ltr'>Laurentes,</span> <span class='ocrx_word' id='word_1_258' title='bbox 646 3149 723 3210; x_wconf 82' lang='lat' dir='ltr'>nate.</span> <span class='ocrx_word' id='word_1_259' title='bbox 737 3145 880 3223; x_wconf 89' lang='lat' dir='ltr'>superbos,</span> 
     </span>
     <span class='ocr_line' id='line_1_38' title="bbox 110 3223 863 3304; baseline 0 -21"><span class='ocrx_word' id='word_1_260' title='bbox 110 3227 174 3284; x_wconf 87' lang='lat' dir='ltr'>Aut</span> <span class='ocrx_word' id='word_1_261' title='bbox 188 3246 281 3284; x_wconf 89' lang='lat' dir='ltr'>acrem</span> <span class='ocrx_word' id='word_1_262' title='bbox 295 3226 408 3285; x_wconf 91' lang='lat' dir='ltr'>dubites</span> <span class='ocrx_word' id='word_1_263' title='bbox 421 3226 453 3284; x_wconf 90' lang='lat' dir='ltr'>in</span> <span class='ocrx_word' id='word_1_264' title='bbox 465 3226 564 3304; x_wconf 90' lang='lat' dir='ltr'>proelia</span> <span class='ocrx_word' id='word_1_265' title='bbox 576 3245 691 3303; x_wconf 89' lang='lat' dir='ltr'>poscere</span> <span class='ocrx_word' id='word_1_266' title='bbox 701 3223 863 3283; x_wconf 85' lang='lat' dir='ltr'>Turnum.’&#39;</span> 
     </span>
     <span class='ocr_line' id='line_1_39' title="bbox 110 3305 774 3387; baseline 0 -24"><span class='ocrx_word' id='word_1_267' title='bbox 110 3305 204 3377; x_wconf 87' lang='lat' dir='ltr'>Dixit,</span> <span class='ocrx_word' id='word_1_268' title='bbox 219 3309 249 3364; x_wconf 91' lang='lat' dir='ltr'>et</span> <span class='ocrx_word' id='word_1_269' title='bbox 263 3306 408 3387; x_wconf 80' lang='lat' dir='ltr'>amplexus</span> <span class='ocrx_word' id='word_1_270' title='bbox 421 3307 485 3364; x_wconf 88' lang='lat' dir='ltr'>nati</span> <span class='ocrx_word' id='word_1_271' title='bbox 498 3305 642 3384; x_wconf 76' lang='lat' dir='ltr'>Cytherea</span> <span class='ocrx_word' id='word_1_272' title='bbox 653 3305 774 3382; x_wconf 83' lang='lat' dir='ltr'>petivit3</span> 
     </span>
    </p>

    <p class='ocr_par' dir='ltr' id='par_1_7' title="bbox 110 3385 788 3463">
     <span class='ocr_line' id='line_1_40' title="bbox 110 3385 788 3463; baseline 0 -21"><span class='ocrx_word' id='word_1_273' title='bbox 110 3385 203 3443; x_wconf 80' lang='lat' dir='ltr'>Arma</span> <span class='ocrx_word' id='word_1_274' title='bbox 215 3386 268 3443; x_wconf 91' lang='lat' dir='ltr'>sub</span> <span class='ocrx_word' id='word_1_275' title='bbox 282 3386 399 3444; x_wconf 85' lang='lat' dir='ltr'>adversa</span> <span class='ocrx_word' id='word_1_276' title='bbox 411 3385 508 3463; x_wconf 78' lang='lat' dir='ltr'>posuit</span> <span class='ocrx_word' id='word_1_277' title='bbox 521 3385 662 3443; x_wconf 83' lang='lat' dir='ltr'>radiantia</span> <span class='ocrx_word' id='word_1_278' title='bbox 675 3405 788 3461; x_wconf 87' lang='lat' dir='ltr'>quercu.</span> 
     </span>
    </p>

    <p class='ocr_par' dir='ltr' id='par_1_8' title="bbox 112 3464 694 3524">
     <span class='ocr_line' id='line_1_41' title="bbox 112 3464 694 3524; baseline 0.002 -2"><span class='ocrx_word' id='word_1_279' title='bbox 112 3464 168 3522; x_wconf 91' lang='lat' dir='ltr'>Ille</span> <span class='ocrx_word' id='word_1_280' title='bbox 182 3465 241 3522; x_wconf 87' lang='lat' dir='ltr'>deae</span> <span class='ocrx_word' id='word_1_281' title='bbox 255 3465 336 3523; x_wconf 92' lang='lat' dir='ltr'>donis</span> <span class='ocrx_word' id='word_1_282' title='bbox 350 3469 380 3524; x_wconf 89' lang='lat' dir='ltr'>et</span> <span class='ocrx_word' id='word_1_283' title='bbox 393 3469 478 3524; x_wconf 89' lang='lat' dir='ltr'>tanto</span> <span class='ocrx_word' id='word_1_284' title='bbox 491 3465 574 3523; x_wconf 83' lang='lat' dir='ltr'>laetns</span> <span class='ocrx_word' id='word_1_285' title='bbox 587 3466 694 3523; x_wconf 86' lang='lat' dir='ltr'>honore</span> 
     </span>
    </p>

    <p class='ocr_par' dir='ltr' id='par_1_9' title="bbox 110 3543 927 4022">
     <span class='ocr_line' id='line_1_42' title="bbox 110 3543 866 3622; baseline -0.003 -20"><span class='ocrx_word' id='word_1_286' title='bbox 110 3543 232 3622; x_wconf 81' lang='lat' dir='ltr'>Expleri</span> <span class='ocrx_word' id='word_1_287' title='bbox 244 3545 354 3622; x_wconf 88' lang='lat' dir='ltr'>nequit,</span> <span class='ocrx_word' id='word_1_288' title='bbox 368 3549 454 3621; x_wconf 89' lang='lat' dir='ltr'>atque</span> <span class='ocrx_word' id='word_1_289' title='bbox 468 3545 563 3604; x_wconf 90' lang='lat' dir='ltr'>oculos</span> <span class='ocrx_word' id='word_1_290' title='bbox 577 3565 628 3622; x_wconf 89' lang='lat' dir='ltr'>per</span> <span class='ocrx_word' id='word_1_291' title='bbox 640 3543 754 3621; x_wconf 89' lang='lat' dir='ltr'>singula</span> <span class='ocrx_word' id='word_1_292' title='bbox 766 3543 866 3614; x_wconf 88' lang='lat' dir='ltr'>volvit,</span> 
     </span>
     <span class='ocr_line' id='line_1_43' title="bbox 110 3623 845 3703; baseline -0.001 -21"><span class='ocrx_word' id='word_1_293' title='bbox 110 3623 304 3701; x_wconf 86' lang='lat' dir='ltr'>Miraturque,</span> <span class='ocrx_word' id='word_1_294' title='bbox 319 3624 449 3703; x_wconf 89' lang='lat' dir='ltr'>interque</span> <span class='ocrx_word' id='word_1_295' title='bbox 462 3645 564 3683; x_wconf 87' lang='lat' dir='ltr'>manus</span> <span class='ocrx_word' id='word_1_296' title='bbox 578 3628 608 3683; x_wconf 91' lang='lat' dir='ltr'>et</span> <span class='ocrx_word' id='word_1_297' title='bbox 620 3624 737 3683; x_wconf 87' lang='lat' dir='ltr'>brachia</span> <span class='ocrx_word' id='word_1_298' title='bbox 749 3627 845 3681; x_wconf 84' lang='lat' dir='ltr'>versat</span> 
     </span>
     <span class='ocr_line' id='line_1_44' title="bbox 111 3702 899 3783; baseline -0.003 -22"><span class='ocrx_word' id='word_1_299' title='bbox 111 3702 282 3762; x_wconf 88' lang='lat' dir='ltr'>Terribilem</span> <span class='ocrx_word' id='word_1_300' title='bbox 297 3705 391 3763; x_wconf 86' lang='lat' dir='ltr'>cristis</span> <span class='ocrx_word' id='word_1_301' title='bbox 404 3704 514 3783; x_wconf 82' lang='lat' dir='ltr'>galeam</span> <span class='ocrx_word' id='word_1_302' title='bbox 528 3704 712 3782; x_wconf 85' lang='lat' dir='ltr'>flammasque</span> <span class='ocrx_word' id='word_1_303' title='bbox 726 3705 899 3772; x_wconf 88' lang='lat' dir='ltr'>vomentem,</span> 
     </span>
     <span class='ocr_line' id='line_1_45' title="bbox 111 3783 866 3861; baseline -0.003 -19"><span class='ocrx_word' id='word_1_304' title='bbox 111 3783 332 3861; x_wconf 81' lang='lat' dir='ltr'>Fatiferumque</span> <span class='ocrx_word' id='word_1_305' title='bbox 345 3804 451 3856; x_wconf 88' lang='lat' dir='ltr'>ensem,</span> <span class='ocrx_word' id='word_1_306' title='bbox 464 3784 580 3843; x_wconf 89' lang='lat' dir='ltr'>loricam</span> <span class='ocrx_word' id='word_1_307' title='bbox 597 3804 633 3842; x_wconf 86' lang='lat' dir='ltr'>ex</span> <span class='ocrx_word' id='word_1_308' title='bbox 647 3804 702 3842; x_wconf 89' lang='lat' dir='ltr'>aere</span> <span class='ocrx_word' id='word_1_309' title='bbox 715 3783 866 3860; x_wconf 86' lang='lat' dir='ltr'>rigentem,</span> 
     </span>
     <span class='ocr_line' id='line_1_46' title="bbox 111 3861 927 3942; baseline -0.004 -20"><span class='ocrx_word' id='word_1_310' title='bbox 111 3862 316 3942; x_wconf 80' lang='lat' dir='ltr'>Sanguineam,</span> <span class='ocrx_word' id='word_1_311' title='bbox 328 3863 476 3942; x_wconf 87' lang='lat' dir='ltr'>ingentem</span> <span class='ocrx_word' id='word_1_312' title='bbox 487 3888 494 3936; x_wconf 83' lang='lat'><em>3</em></span> <span class='ocrx_word' id='word_1_313' title='bbox 514 3864 606 3942; x_wconf 85' lang='lat' dir='ltr'>qualis</span> <span class='ocrx_word' id='word_1_314' title='bbox 620 3884 709 3941; x_wconf 90' lang='lat' dir='ltr'>quum</span> <span class='ocrx_word' id='word_1_315' title='bbox 722 3863 825 3921; x_wconf 77' lang='lat' dir='ltr'>cerula</span> <span class='ocrx_word' id='word_1_316' title='bbox 837 3861 927 3920; x_wconf 86' lang='lat' dir='ltr'>nubes</span> 
     </span>
     <span class='ocr_line' id='line_1_47' title="bbox 112 3942 762 4022; baseline -0.005 -19"><span class='ocrx_word' id='word_1_317' title='bbox 112 3942 188 4003; x_wconf 82' lang='lat' dir='ltr'>Solis</span> <span class='ocrx_word' id='word_1_318' title='bbox 200 3943 356 4002; x_wconf 86' lang='lat' dir='ltr'>inardescit</span> <span class='ocrx_word' id='word_1_319' title='bbox 368 3944 455 4002; x_wconf 84' lang='lat' dir='ltr'>radiis</span> <span class='ocrx_word' id='word_1_320' title='bbox 468 3944 609 4022; x_wconf 87' lang='lat' dir='ltr'>longeque</span> <span class='ocrx_word' id='word_1_321' title='bbox 621 3943 762 4021; x_wconf 78' lang='lat' dir='ltr'>rebrlget3</span> 
     </span>
    </p>
   </div>
   <div class='ocr_carea' id='block_1_4' title="bbox 0 0 1267 4298">
    <p class='ocr_par' dir='ltr' id='par_1_10' title="bbox 0 0 1267 4298">
     <span class='ocr_line' id='line_1_48' title="bbox 0 0 1267 4298; baseline 0 0"><span class='ocrx_word' id='word_1_322' title='bbox 0 0 1267 4298; x_wconf 95' lang='lat' dir='ltr'> </span> 
     </span>
    </p>
   </div>
  </div>
 </body>
</html>
