2506 4298
142 205 180 264 18
443 216 624 260 romanu
637 215 777 259 morus

144 360 264 439 Thyrsis
277 380 351 432 oves,
366 359 498 438 Corydon
511 360 649 418 distentas
661 359 736 417 lacte
749 356 875 436 capellas,

144 441 239 500 Ambo
252 441 383 499 florentes
396 440 537 511 abatibus,
550 439 673 497 Arcades
687 438 778 510 ambo,

145 520 189 579 nt
202 523 315 579 cantare
327 534 417 597 peres,
430 523 460 578 ei
472 519 639 597 respondere
650 519 751 596 parabi.

146 600 216 659 Huc
228 594 309 671 mihi,
321 600 390 658 dum
402 602 513 658 teneras
527 598 645 657 defendo
659 618 676 656 a
688 597 792 675 frigore
805 599 924 675 myrtos,

146 679 200 737 vir
212 679 307 757 gregis
319 678 379 754 ipse
392 699 474 757 caper
486 679 678 737 deerraverat:
698 682 783 754 abque
797 697 849 755 ego
862 673 1001 751 Daphnin

147 759 271 835 Aspicio.
311 758 366 816 Illo
378 759 428 817 ubi
440 779 486 817 me
499 761 598 817 conbra
610 757 704 816 videt:
726 762 742 787 ‘⁴
752 756 866 828 Ocius,”
880 755 984 832 inquil,

148 838 243 896 “Huc
257 838 331 911 ades,
344 859 362 896 o
375 838 524 896 Meliboee:
545 857 627 915 caper
639 836 694 895 bibi
707 836 801 894 salvus
814 838 844 895 eb
857 834 948 906 haedi;

148 916 191 976 E‘o
204 918 229 976 si
242 918 310 995 quid
323 937 429 976 cessare
441 921 531 995 pobes,
544 916 685 994 requiesce
698 917 750 974 sub
763 916 872 974 umbra.

147 997 217 1055 Huc
229 997 283 1074 ipsi
297 1000 398 1073 poium
410 997 525 1056 venient
536 1017 587 1074 per
598 998 681 1074 praba
688 995 820 1074 juvenci3

149 1077 209 1135 Hic
221 1077 324 1134 virides
337 1053 436 1135 teneri
447 1076 578 1154 praecexie
591 1075 727 1135 arundine
739 1074 814 1152 ripas

149 1156 284 1228 Mincius,
295 1176 365 1233 eque
378 1148 456 1214 sacrb
467 1158 601 1214 resonanb
614 1154 742 1213 examina
754 1152 886 1231 quercu.’'

151 1235 227 1309 Quid
239 1235 382 1294 facerem?
402 1255 492 1313 neque
506 1256 559 1312 ego
572 1235 720 1311 Alcippen,
733 1254 785 1293 nec
793 1233 928 1311 Phyllida
936 1231 1085 1302 habebam,

150 1315 291 1392 Depulsos
305 1336 322 1373 a
333 1315 408 1373 lacha
421 1315 499 1374 domi
512 1335 574 1391 quae
587 1314 728 1372 claudereb
742 1334 846 1391 agnos3

149 1391 193 1453 Et
206 1397 349 1453 certamen
362 1397 422 1452 crab
436 1394 569 1472 Corydon
582 1414 647 1452 cum
660 1393 800 1471 Thyrside
812 1411 957 1470 magnum.

151 1473 311 1532 Posbhabui
323 1477 420 1532 lamen
432 1474 546 1532 illorum
559 1493 622 1532 mea
635 1474 706 1531 seria
718 1473 796 1532 ludo.

151 1553 279 1612 Alternis
292 1553 383 1631 igibur
395 1553 563 1612 conlendere
575 1553 702 1611 versibus
715 1553 798 1612 ambo
1030 1612 1045 1635 ,-

152 1632 285 1710 Coepere3
303 1634 425 1691 albemos
438 1633 532 1690 Musae
544 1633 705 1691 meminisse
717 1610 903 1698 volebamus,C
939 1625 1011 1675 ἐφ’»
1025 1654 1029 1664 ’
1042 1643 1074 1683 θἰ·
1082 1654 1103 1680 a

151 1712 217 1772 Hos
231 1711 372 1790 Corydon,
385 1713 447 1771 illos
460 1713 597 1771 referebat
606 1705 640 1771 in
653 1713 749 1771 ordine
763 1711 890 1790 Thyrsis.

193 1791 266 1851 Con.
281 1792 433 1870 Nymphae,
441 1795 537 1850 noster
543 1812 629 1864 amor,
635 1791 823 1863 Libethrides,
832 1790 1089 1862 auimihicarmen,

155 1872 243 1944 Quale
256 1892 319 1930 meo
334 1872 435 1943 Codro,
449 1871 609 1943 concedihe3
628 1872 757 1949 proxima
770 1871 873 1930 Phoebi

154 1951 289 2009 Versibus
302 1951 350 2009 ille
362 1952 447 2022 facii3
468 1954 518 2009 auh
531 1951 625 2009 sinon
638 1972 786 2028 possumus
800 1971 906 2021 omnes

154 2030 213 2088 Hic
227 2034 330 2108 arguta
342 2016 423 2088 soordi
431 2030 566 2128 pendebib
579 2031 675 2089 fistula
687 2031 765 2108 pinu.

194 2110 275 2168 Tur.
296 2110 437 2193 Pastores,
449 2102 553 2168 hedera
566 2114 736 2168 crescentem
749 2112 847 2168 ornate
858 2112 982 2187 po'e'bam,

154 2190 288 2260 Arcades,
301 2180 412 2247 invidi‘a‘
419 2193 588 2266 rumpantur
599 2192 634 2247 ub
647 2189 695 2247 ilia
708 2190 799 2248 Codro
811 2214 818 2262 ;

156 2270 218 2327 Ani
232 2269 256 2326 si
269 2269 345 2327 ultra
356 2268 494 2345 placitum
505 2269 636 2340 laudarit,
649 2270 763 2329 baccare
776 2271 900 2328 fronhem

156 2348 279 2426 Cingibe,
293 2368 328 2406 ne
341 2348 402 2406 vati
414 2351 515 2406 noceah
527 2348 601 2406 mala
613 2349 711 2426 lingua
723 2350 828 2407 futuro.

197 2427 270 2486 Con.
292 2427 393 2485 Saehosi
405 2431 491 2504 caput
504 2428 557 2486 hoc
571 2429 631 2505 apri
643 2429 706 2500 bibi,
720 2428 810 2502 Delia,
824 2449 927 2506 parvus

156 2507 199 2566 Ee
212 2527 323 2565 ramosa
336 2507 435 2565 Micon
446 2507 551 2566 vivacis
565 2528 669 2566 cornua
681 2508 764 2567 cervi.

157 2587 188 2644 Si
200 2587 346 2664 proprium
358 2586 413 2644 hoc
426 2587 520 2659 fuerit,
533 2588 589 2646 levi
602 2588 637 2646 de
649 2608 788 2646 marmore
800 2589 865 2646 boia

157 2666 282 2725 Puniceo
296 2665 384 2724 stabis
397 2686 475 2724 sinas
488 2667 599 2725 evincta
612 2668 760 2726 cothurno.

198 2746 278 2804 Tiar.
300 2745 399 2803 Sinum
411 2746 493 2804 lachis
507 2749 537 2804 ei
549 2747 610 2804 haec
622 2751 652 2805 he
665 2747 730 2818 liba,
745 2746 855 2823 Priape,
869 2747 1020 2824 quotannis

158 2824 331 2902 Exspectare
344 2827 389 2883 sah
402 2829 462 2896 esb3
483 2829 578 2884 custos
592 2846 621 2884 es
634 2826 763 2904 pauperis
776 2826 862 2884 horti.

158 2906 245 2964 Nunc
258 2908 289 2964 he
301 2925 490 2963 marmoreum
502 2925 553 2982 pro
566 2908 693 2982 tempore
705 2906 822 2964 fecimus
834 2931 840 2978 ;
861 2909 892 2964 ab
904 2909 948 2978 tu

160 2985 191 3044 Si
203 2986 296 3044 febura
309 3005 425 3062 gregem
438 2984 618 3061 suppleverit,
632 3005 731 3043 aureus
745 2988 815 3043 esto.
900 3051 914 3062 ‚

199 3064 272 3125 Con.
293 3064 400 3122 Nerine
414 3064 532 3122 Galatea
552 3065 654 3142 thymo
668 3064 739 3122 mihi
752 3065 859 3124 dulcior
871 3064 986 3142 Hybla,

160 3143 312 3203 Candidior
325 3144 429 3222 cycnis,
442 3111 550 3202 hederC
557 3143 705 3203 formosior
718 3126 789 3215 alblai,

161 3223 391 3301 Quamprimum
404 3224 480 3301 pasti
495 3226 625 3301 repetent
638 3224 772 3301 praesepia
784 3222 869 3295 hauri,

160 3303 191 3361 si
205 3323 260 3379 qua
272 3304 317 3360 tui
331 3302 488 3381 Corydonis
501 3304 588 3362 habeb
600 3307 631 3361 be
644 3324 718 3374 cura,
731 3303 837 3361 verritu

200 3383 281 3440 ΤΗΥ.
302 3382 396 3441 Immo
410 3403 462 3461 ego
476 3383 588 3442 Sardois
601 3383 697 3441 videar
709 3383 765 3441 hibi
778 3382 898 3440 amarior
910 3381 1015 3450 herbis,

161 3461 313 3521 Horridior
324 3482 415 3533 rusco,
429 3463 554 3540 projecba
566 3462 648 3521 vilior
662 3463 734 3540 alga,

161 3541 192 3599 Si
205 3541 277 3599 mihi
288 3561 346 3598 non
359 3542 419 3600 haec
431 3543 481 3599 lux
493 3545 557 3600 bobo
566 3543 628 3620 jam
639 3542 751 3619 longior
764 3561 837 3600 anno
851 3544 903 3599 esb.

160 3620 209 3680 Ibe
223 3621 339 3679 domum
352 3621 435 3698 pasti,
449 3621 473 3678 si
486 3621 549 3698 quis
562 3622 660 3698 pudor,
674 3622 714 3679 ibe
723 3621 847 3699 juvenci.

202 3700 276 3759 Con.
298 3701 426 3759 Muscosi
437 3701 539 3772 fontes,
553 3705 582 3759 eh
595 3721 694 3759 somno
707 3700 818 3760 mollior
830 3700 926 3772 herba,

162 3781 206 3838 El
219 3801 281 3857 qnae
293 3800 344 3838 vos
356 3764 421 3838 rab
431 3779 528 3838 viridis
541 3781 616 3858 legin
629 3781 747 3839 arbutus
760 3781 869 3850 umbra,

162 3859 324 3920 Solsbibium
336 3860 430 3937 pecori
442 3859 599 3932 defendibe;
614 3860 676 3938 jam
688 3860 767 3918 venii
780 3863 862 3918 aesbas

155 3939 283 4014 Tom'da,
290 3939 356 4019 jam
368 3939 437 4001 laelo
451 3942 571 4022 burgeni
582 3941 616 4000 in
625 3939 743 4020 palmibe
756 3959 883 4018 gemma.
