2506 4298
476 238 619 282 AEIOEIDOS
633 240 696 282 m.
710 241 733 282 1.

148 378 253 438 Litora
259 379 388 457 jactetur
400 379 471 439 odiis
483 380 507 438 J
507 381 609 440 unonis
621 382 738 460 iniquae,

148 459 232 518 Nota
243 460 315 532 tibi;
335 463 366 519 et
378 464 477 520 nostro
491 461 608 520 doluisti
620 482 697 540 sape
710 463 813 522 dolore.

148 539 240 597 Hunc
254 538 405 599 Phoenissa
416 543 498 600 tenet
511 541 597 613 Dido,
610 541 776 620 blandisque
789 545 918 602 moretur

130 666 133 671 .
148 618 293 693 Vocibus3
312 623 343 678 et
354 640 461 691 vereor,
475 640 531 697 quo
544 641 574 679 se
587 621 609 679 J
610 622 715 680 unonia
726 626 842 681 vertant

148 698 303 776 Hospitia3
322 700 401 758 haud
412 703 496 758 tanto
510 700 631 759 cessabit
644 701 757 761 cardine
769 723 874 762 rerum.

149 778 289 851 Quocirca
301 799 398 858 capere
412 782 479 838 ante
492 779 564 838 dolis
578 784 608 838 et
621 780 733 858 cingere
746 782 861 840 flamma

149 858 293 936 Reginam
306 859 437 930 meditor,
449 879 487 918 ne
501 880 557 936 quo
570 880 600 918 se
612 861 729 919 numine
742 864 854 934 mutet;

149 938 207 997 Sed
219 958 324 1016 magno
338 938 437 997 AEneoe
451 958 564 997 mecum
576 942 708 998 teneatur
721 961 824 1000 amore.

150 1018 215 1090 Qua
228 1018 317 1077 facere
330 1018 360 1076 id
373 1018 472 1095 possis,
485 1022 614 1077 nostram
627 1040 703 1078 nunc
717 1021 811 1098 accipe
824 1024 969 1080 mentem:

150 1097 261 1174 Regius
275 1098 369 1157 accitu
381 1098 439 1156 cari
452 1098 589 1176 genitoris
602 1099 639 1156 ad
651 1099 751 1157 urbem

151 1177 297 1236 Sidoniam
310 1198 381 1255 puer
393 1178 434 1236 ire
447 1180 537 1255 parat,
552 1198 615 1236 mea
627 1179 751 1237 maxima
764 1199 839 1251 cura,

150 1256 238 1315 Dona
249 1258 350 1330 ferens,
363 1258 465 1335 pelago
479 1260 509 1316 et
522 1257 645 1316 flammis
658 1260 797 1317 restantia
810 1259 921 1338 Trojae:

150 1336 242 1396 Hunc
255 1356 317 1415 ego,
332 1337 458 1415 sopitum
471 1357 580 1410 somno,
594 1358 677 1416 super
691 1338 749 1396 alta
763 1338 890 1416 Cythera
918 1326 1036 1393 arm
1064 1321 1092 1379 l·
1108 1312 1154 1377 's‘
1162 1318 1214 1413 ‘sb

150 1417 215 1475 Aut
229 1437 312 1515 super
325 1416 450 1475 Idalium
463 1413 577 1475 sacrati
586 1418 651 1476 sede
664 1420 823 1492 recondam,

150 1497 200 1555 Ne
213 1516 270 1574 qua
282 1497 352 1555 scire
365 1496 453 1568 dolos,
467 1497 612 1556 mediusve
625 1518 769 1557 occurrere
782 1499 881 1576 possit.

151 1576 199 1634 'l'u
211 1576 312 1635 faciem
325 1576 401 1634 illius
414 1580 529 1636 noctem
543 1598 601 1635 non
614 1578 735 1654 amplius
748 1599 837 1636 unam

149 1656 231 1714 Falla
244 1656 318 1728 dolo,
332 1659 362 1714 et
375 1659 459 1715 notos
473 1657 553 1734 pueri
566 1677 636 1734 puer
648 1658 734 1716 indue
746 1659 862 1717 vultus:

150 1736 197 1793 Ut
210 1756 300 1814 quum
311 1739 342 1794 te
355 1736 464 1814 gremio
476 1736 596 1814 accipiet
607 1738 756 1795 laetissima
769 1738 847 1797 Dido

48 1870 51 1883 ,
151 1815 276 1894 Regales
289 1815 365 1874 inter
378 1835 489 1874 mensas
502 1816 672 1893 laticemque
686 1816 814 1894 Lyaeum,

151 1895 249 1968 Quum
262 1895 343 1953 dabit
355 1896 500 1973 amplexus
510 1899 597 1974 atque
610 1897 705 1954 oscula
718 1896 812 1954 dulcia
826 1898 907 1975 figet,

152 1975 307 2034 Occultum
319 1974 438 2051 inspires
450 1975 556 2052 ignem,
569 1976 705 2054 fallasque
717 1978 856 2036 veneno.''

152 2054 241 2113 Paret
254 2055 345 2114 Amor
358 2054 442 2113 dictis
455 2075 527 2113 cara
541 2056 701 2133 genetricis,
716 2059 746 2114 et
759 2056 817 2115 alas

74 2195 79 2208 ,
152 2135 254 2207 Exuit,
268 2137 298 2192 et
311 2154 410 2212 gressu
422 2134 549 2212 gaudens
564 2136 668 2194 incedit
682 2136 749 2194 Iuli.

153 2216 196 2272 At
209 2214 308 2272 Venus
321 2214 444 2273 Ascanio
456 2214 597 2291 placidam
610 2235 660 2292 per
672 2217 801 2275 membra
814 2216 940 2293 quietem

152 2293 272 2371 irrigat,
285 2296 316 2352 et
328 2294 422 2353 fotum
435 2294 544 2371 gremio
557 2294 610 2353 dea
622 2295 702 2353 tollit
714 2295 746 2353 in
758 2297 832 2355 altos

153 2373 254 2432 Idaliae
270 2373 357 2444 lucos,
370 2373 421 2431 ubi
433 2373 527 2431 mollis
540 2394 685 2433 amaracus
699 2375 782 2434 illum

89 2445 93 2453 ’
153 2453 288 2512 Floribus
302 2455 332 2511 et
345 2453 422 2511 dulci
434 2454 560 2530 aspirans
574 2455 773 2531 complectitur
786 2445 894 2514 umbri)

153 2532 279 2611 Jamque
291 2532 353 2590 ibat
366 2532 444 2591 dicto
457 2553 566 2610 parens,
580 2537 610 2592 et
623 2535 699 2592 dona
712 2534 823 2611 Cupido

153 2613 249 2764 Regia
260 2612 395 2691 portabat
408 2613 510 2691 Tyriis,
524 2613 595 2672 duce
607 2614 690 2672 latus
703 2615 825 2673 Achate.

222 2712 292 2751 uum
304 2692 393 2764 venit,
407 2693 502 2751 aulaeis
511 2693 573 2771 jam
587 2713 616 2752 se
629 2694 728 2771 regina
741 2694 868 2771 superbis

154 2762 252 2830 Aurei
263 2772 423 2850 composuit
436 2765 553 2850 spondei,
565 2773 743 2850 mediamque
755 2774 877 2832 locavit:

155 2851 179 2909 J
179 2872 226 2910 am
238 2855 320 2929 pater
333 2852 447 2923 AEneas,
461 2851 563 2930 etjam
576 2852 699 2930 Trojana
707 2854 845 2931 juventus

155 2930 346 3002 Conveniunt,
360 2934 507 3009 stratoque
520 2952 604 3009 super
617 2932 806 2991 discumbitur
818 2936 905 2992 ostro.

155 3010 238 3069 Dant
250 3011 350 3069 famuli
362 3011 493 3070 manibus
506 3011 647 3089 lymphas,
662 3011 847 3090 Cereremque
861 3010 990 3071 canistris
1097 3008 1101 3016 ’

155 3091 331 3168 Erpediunt,
344 3091 491 3168 tonsisque
503 3091 601 3149 ferunt
613 3092 750 3150 mantelia
762 3093 846 3151 villis.

157 3170 372 3248 Quinquaginta
383 3170 463 3228 intus
476 3170 600 3243 famulae,
614 3172 716 3247 quibus
730 3172 827 3231 ordine
840 3173 926 3249 longo
1129 3230 1139 3261 Ι
1189 3234 1196 3243 ,

158 3250 234 3307 Cura
244 3270 350 3327 penum
363 3252 481 3321 struere,
494 3253 524 3308 et
537 3250 661 3309 flammis
674 3251 785 3327 adolere
797 3255 914 3329 penates
921 3261 931 3323 '3
956 3243 980 3307 t
1016 3237 1048 3309 ¹2¹1
1058 3274 1072 3303 e
1084 3239 1144 3295 tw
1159 3244 1201 3295 ν’.

157 3328 282 3388 Centum
295 3329 364 3402 aliae,
378 3330 560 3407 todidemque
574 3350 654 3406 pares
668 3334 753 3390 aetate
767 3331 902 3404 ministri,
1068 3326 1073 3337 '

156 3409 214 3481 Qui
227 3408 346 3486 dapibus
359 3429 470 3468 mensas
483 3414 611 3481 onerant,
625 3413 655 3469 et
669 3411 770 3488 pocula
782 3415 902 3488 ponunt.

156 3489 220 3548 Nec
232 3509 291 3548 non
304 3491 334 3548 et
348 3488 430 3567 Tyrii
442 3510 492 3566 per
504 3489 604 3548 limina
616 3490 684 3548 laeta
695 3491 858 3569 frequentes

157 3569 330 3640 Convenere,
343 3569 414 3628 toris
422 3569 496 3645 jussi
509 3570 683 3629 discumbere
695 3571 789 3646 pictis.

157 3649 305 3707 Mirantur
318 3648 393 3708 dona
406 3649 520 3721 AEneae3
540 3649 682 3707 mirantur
695 3650 802 3723 Iulum,

157 3728 384 3807 Flagmntesque
397 3729 442 3787 dei
454 3729 562 3800 vultus,
575 3729 763 3807 simulataque
775 3730 870 3801 verba,

157 3807 333 3885 Padumque,
346 3810 376 3866 et
389 3808 499 3885 pictum
513 3828 610 3867 croceo
622 3809 752 3868 velamen
766 3811 896 3869 acantho.

158 3886 305 3965 Praeoipue
317 3886 424 3960 infelix,
437 3887 512 3965 pesti
526 3888 630 3947 devota
642 3889 754 3961 futura,

158 3966 274 4045 Explere⁸
284 3970 410 4026 mentem
423 3967 532 4047 nequit,
546 3969 729 4052 ardescitque
740 3971 854 4033 tuendo
