2506 4298
445 253 587 297 nrnmos
601 254 664 296 nm.
678 255 736 298 111.
1005 242 1064 302 379

118 396 162 454 Et
174 415 229 467 ms,
242 395 346 466 Turne,
360 398 493 454 manent:
514 395 599 454 simul
611 397 673 455 haec
686 397 777 457 invisa
789 398 946 477 relinquam

118 475 250 547 Lumina,
264 495 315 533 nec
329 495 466 553 generum
478 475 590 534 AEnean
603 477 715 555 captiva
728 478 860 538 videbo.’'

119 555 239 633 Accepit
252 574 350 614 vocem
363 555 486 613 lacrimis
499 556 620 615 Lavinia
632 557 731 615 matris

119 635 289 713 Flagrnntes
302 635 414 712 perfusa
426 655 532 713 genas:
553 636 599 694 cui
611 637 749 714 plurimus
762 637 859 715 ignem

119 714 246 792 Subjecit
259 714 353 786 rubor,
368 717 397 772 et
411 715 545 773 calefacta
558 736 608 793 per
621 737 670 774 ora
683 718 817 777 cucurrit.

119 794 228 852 Indum
241 794 395 872 sanguineo
408 795 499 852 veluti
510 795 659 854 violaverit
672 800 749 856 ostro
828 855 845 878 μ

120 874 151 932 Si
164 874 228 951 quis
241 874 318 945 ebur,
332 877 382 932 aut
395 874 487 932 mixta
499 875 603 933 rubent
615 876 666 934 ubi
678 876 738 934 lilia
750 876 843 936 multa

120 954 197 1012 Alba
209 943 288 1012 rost:
309 953 375 1011 talis
388 954 470 1032 virgo
484 954 570 1012 dabat
584 975 630 1013 ore
644 955 758 1015 colores.

121 1033 211 1092 Illum
223 1034 322 1092 turbat
336 1052 423 1104 amor,
436 1033 558 1111 figitque
570 1034 600 1091 in
613 1034 724 1112 virgine
736 1037 851 1095 vultus:

120 1113 213 1171 Ardet
225 1113 256 1170 in
270 1133 348 1171 arma
360 1113 460 1190 magis,
474 1113 625 1191 paucisque
638 1115 742 1172 affatur
755 1117 906 1175 Amatam:

120 1197 138 1224 “
148 1192 180 1250 N
181 1212 205 1264 e,
219 1212 324 1270 quaeso,
338 1212 374 1250 ne
387 1212 433 1251 me
446 1193 577 1264 lacrimis,
590 1213 661 1250 neve
674 1194 768 1253 omine
781 1199 864 1255 tanto

120 1271 294 1349 Prosequere
306 1271 337 1329 in
351 1273 414 1330 duri
428 1272 583 1331 certamina
595 1272 700 1330 Martis
714 1278 838 1347 euntem,

121 1351 147 1410 0
160 1356 269 1410 mater:
290 1371 380 1429 neque
393 1352 470 1410 enim
483 1352 581 1410 Turno
594 1372 674 1410 mora
685 1353 774 1412 libera
786 1354 896 1413 mortis.

120 1431 252 1495 Nuncius
265 1431 326 1489 haec
339 1431 444 1489 Idmon
458 1431 587 1509 Phrygio
600 1452 664 1491 mea
676 1433 753 1491 dicta
765 1436 888 1511 tyranno

120 1510 211 1569 Haud
222 1511 362 1588 placitura
373 1511 461 1570 refer:
483 1512 579 1584 Quum
591 1512 716 1589 primum
730 1513 853 1572 crastina
866 1513 936 1572 coelo

121 1590 254 1649 Punioeis
266 1590 379 1649 invecta
391 1591 462 1649 rotis
475 1592 587 1649 Aurora
599 1592 731 1664 rubescit,

121 1671 191 1728 Non
204 1670 328 1729 Teucros
341 1673 409 1747 agat
421 1671 452 1728 in
466 1670 607 1730 Rutulos:
628 1672 770 1730 Teucrum
784 1691 862 1730 arma
875 1672 1022 1750 quiescant

121 1749 164 1808 Et
177 1749 337 1809 Rutulum:
357 1753 456 1808 nostro
469 1751 634 1811 dirimamus
647 1752 784 1830 sanguine
796 1752 919 1811 bellum:

122 1829 179 1889 Illo
193 1832 339 1905 qursratur
352 1830 454 1907 conjux
468 1830 589 1888 Lavinia
601 1831 730 1909 camp0.''

160 1909 233 1967 Haec
246 1909 296 1967 ubi
309 1909 386 1968 dicta
398 1909 486 1981 dedit,
499 1909 668 1987 rapidusque
680 1911 711 1969 in
724 1913 803 1969 tecta
815 1912 938 1984 recessit,

122 1987 220 2047 Poscit
234 2009 327 2066 equos,
341 1989 502 2067 gaudetque
515 1992 599 2048 tuens
612 1993 680 2048 ante
693 2010 742 2048 ora
754 1991 915 2065 frementes,

122 2067 257 2127 Pilumno
271 2089 341 2145 quos
354 2069 417 2146 ipsa
429 2069 514 2127 decus
528 2069 607 2127 dedit
622 2069 771 2147 Orithyia3

123 2147 179 2220 Qui
192 2149 311 2207 candore
324 2149 404 2206 nives
418 2149 568 2220 anteirent,
583 2149 710 2207 cursibus
724 2170 814 2208 auras.

123 2227 317 2287 Circumstant
330 2227 442 2305 properi
454 2228 567 2305 aurigae,
580 2229 766 2306 manibusque
779 2229 922 2289 lacessunt

123 2306 244 2366 Pectora
256 2308 354 2384 plausa
366 2307 450 2379 caris,
464 2311 494 2366 et
507 2308 579 2366 colla
591 2310 735 2368 comantia
746 2313 875 2387 pectunt.

123 2386 190 2464 Ipse
203 2386 305 2446 dehinc
319 2407 386 2445 auro
400 2387 577 2463 squalentem
589 2389 708 2467 alboque
722 2389 861 2448 orichalco

124 2465 289 2525 circumdat
301 2465 420 2526 loricam
432 2468 574 2540 humeris;
594 2469 679 2527 simul
692 2473 774 2548 aptat
786 2469 916 2528 habendo

123 2546 286 2622 Ensemque
298 2547 475 2624 clipeumque
488 2551 518 2606 et
531 2549 622 2606 rubras
635 2569 741 2608 cornua
752 2550 897 2621 cristae,-

124 2625 241 2698 Ensem,
254 2647 338 2704 quem
352 2627 456 2685 Dauno
469 2627 631 2704 ignipotens
645 2629 713 2687 deus
726 2629 787 2706 ipse
799 2628 911 2724 parenti

124 2705 252 2778 Fecerat,
266 2709 296 2764 et
310 2707 413 2784 stygia
425 2707 593 2765 candentem
606 2707 731 2766 tinxerat
744 2707 829 2766 unda.

124 2785 210 2857 Exin,
224 2805 288 2862 quae
302 2786 402 2844 mediis
415 2785 528 2862 ingenti
540 2785 643 2844 adnixa
656 2786 792 2844 columna

124 2864 245 2924 AEdibus
258 2865 399 2937 adstabat,
411 2865 534 2923 validam
547 2865 576 2922 vi
589 2865 706 2943 corripit
718 2865 841 2937 hastam,

124 2944 238 3003 Actoris
251 2945 379 3004 Aurunci
392 2945 531 3022 spolium3
552 2948 721 3022 quassatque
734 2947 916 3017 trementem,

124 3024 303 3083 Vociferans:
325 3029 340 3055 “
351 3024 383 3082 N
384 3044 447 3096 unc,
460 3045 478 3083 o
491 3044 638 3101 nunquam
650 3025 787 3083 frustrata
798 3029 916 3084 vocatus

124 3103 220 3163 Hasta
232 3124 318 3175 meos,
332 3124 407 3162 nunc
420 3108 534 3181 tempus
547 3104 628 3163 adest
638 3128 645 3176 ;
664 3108 695 3163 tc
707 3105 848 3163 maximus
861 3105 961 3176 Actor,

124 3183 166 3243 Te
180 3184 271 3242 Turni
283 3204 359 3242 nunc
372 3184 473 3242 dextra
484 3184 568 3261 gerit.
608 3184 656 3242 Da
668 3187 792 3242 sternere
805 3204 914 3263 corpus,

124 3263 311 3341 Loricamque
324 3283 411 3321 manu
424 3264 518 3322 valida
530 3264 650 3322 lacerare
663 3264 804 3323 revulsam

124 3343 256 3402 Semiviri
269 3342 403 3420 Phrygis,
416 3346 446 3401 et
458 3344 564 3402 foedare
575 3343 607 3400 in
619 3343 734 3421 pulvere
747 3344 838 3402 crines

123 3422 259 3482 Vibratos
272 3423 362 3482 calido
375 3423 457 3494 ferro,
470 3410 641 3501 myrrhaque
653 3423 829 3483 madentes''

125 3503 182 3561 His
195 3503 292 3580 agitur
304 3501 401 3561 furiis:
421 3505 541 3578 totoque
554 3503 680 3561 ardentis
693 3503 729 3561 ab
742 3523 791 3562 ors

125 3583 261 3641 Scintilla
275 3582 436 3654 absistunt3
456 3582 544 3640 oculis
557 3582 645 3641 micat
657 3583 767 3641 acribus
780 3582 865 3660 ignis

124 3662 260 3740 Mugitus
272 3661 363 3722 veluti
375 3681 465 3738 quum
476 3662 569 3740 prima
581 3662 612 3720 in
624 3663 722 3740 proclia
733 3666 833 3720 taurus

125 3742 274 3801 Terrificos
287 3742 352 3813 ciet,
366 3745 452 3819 atque
464 3741 547 3800 irasci
558 3741 590 3800 in
603 3762 708 3801 cornus
719 3744 826 3814 tentat,

124 3821 244 3881 Arboris
256 3821 377 3881 obnixus
388 3825 501 3894 trunco,
513 3825 669 3898 ventosque
680 3821 795 3881 lacessit

125 3901 834 3979 Ictibus,etsparsaadpugnamproluditarsna

160 3981 227 4040 Nec
236 3981 334 4041 minus
344 3981 456 4042 intoeca
467 3980 609 4043 maternis
621 4002 715 4044 mus
725 3981 762 4043 ‘m
773 3980 866 4044 etnim
