2506 4298
486 235 627 278 armos
641 236 704 278 LIB.
719 237 770 279 111.

155 379 229 452 Nos,
242 378 336 457 patria
347 377 469 450 incensa,
483 379 593 438 diversa
605 399 655 457 per
667 399 781 456 aequora
792 383 891 452 vecta,

157 459 261 536 Stirpis
274 458 413 517 Achillea
427 458 517 517 fastus
526 459 716 536 juvenemque
730 459 891 537 superbum,

158 538 280 598 Servitio
294 538 394 610 enixae,
408 538 544 610 tulimus3
566 539 614 614 qui
627 538 736 610 deinde,
750 542 864 598 secutus

157 618 294 676 Ledaeam
306 617 496 676 Hermionam
508 618 795 695 Lacedaemoniosque
807 619 981 697 hymenaeos,

157 697 209 756 Me
221 697 329 756 famulo
342 696 533 775 famulamque
547 697 660 756 Heleno
673 698 833 756 transmisit
845 699 1014 757 habendam.

156 777 214 835 Ast
226 777 317 850 illum,
330 780 436 854 ereptae
449 797 555 854 magno
567 776 760 835 infiammatus
774 798 869 836 amore

158 856 304 935 conjugis,
317 859 347 915 et
361 857 497 915 scelerum
511 856 606 914 Furiis
619 857 754 934 agitatis,
769 857 883 917 Orestes

157 936 275 1014 Excipit
288 936 444 1007 incautum,
457 935 618 1014 patriasque
632 937 784 995 obtruncat
798 937 834 995 ad
847 958 917 997 aras.

157 1015 256 1074 Morte
269 1015 452 1093 Neoptolemi
465 1035 618 1093 regnorum
630 1016 742 1074 reddita
755 1017 838 1075 cessit

157 1094 228 1153 Pars
242 1096 364 1167 Heleno,
379 1095 429 1171 qui
442 1094 584 1155 Chaonios
598 1096 766 1172 cognomine
779 1116 902 1174 campos,

158 1174 370 1252 Chaoniamque
383 1195 496 1233 omnem
510 1175 633 1253 'Irojano
647 1195 664 1232 a
677 1175 792 1235 Chaone
806 1176 887 1248 dixit,

156 1254 353 1332 Pergamaque
366 1254 539 1331 Iliacamque
549 1255 627 1332 jugis
640 1255 714 1314 hanc
728 1255 837 1314 addidit
853 1277 955 1315 arcem.

157 1334 214 1392 Sed
226 1334 282 1392 tibi
296 1334 345 1411 qui
358 1354 472 1392 cursum
484 1335 573 1406 venti,
587 1355 648 1411 quae
662 1335 722 1393 fata
735 1335 858 1394 dedere?

155 1415 219 1475 Aur
233 1414 363 1490 quisnam
375 1413 508 1492 ignarum
520 1414 626 1472 nostris
639 1414 707 1472 deus
722 1414 832 1492 appulit
846 1414 925 1474 oris?

156 1490 233 1566 Quid
245 1513 316 1571 puer
328 1493 491 1553 Ascanius?
531 1493 696 1571 Superatnc,
710 1497 741 1553 et
754 1495 878 1553 vescitur
891 1494 983 1554 aura?

156 1573 248 1644 Quem
262 1573 317 1632 tibi
325 1573 387 1651 jam
400 1573 524 1650 Troja-

92 1653 118 1684 ⁸‘
156 1652 257 1730 Ecqua
269 1656 367 1711 tamen
379 1673 467 1730 puero
481 1656 525 1711 est
538 1653 647 1710 amissae
660 1672 727 1710 eura
739 1653 889 1730 parentis?

156 1732 271 1807 Ecquid
282 1732 313 1789 in
327 1732 475 1809 antiquam
487 1733 625 1791 virtutem
639 1733 802 1810 animosque
815 1733 911 1791 viriles

155 1812 199 1869 Et
212 1815 295 1889 pater
307 1811 412 1870 AEneas
426 1816 456 1871 et
470 1813 625 1870 avunculus
639 1813 744 1870 excitat
758 1812 870 1870 Hector
880 1812 903 1872 θ’

196 1891 305 1949 “Talia
316 1891 453 1950 fundebat
465 1893 624 1964 lacrimans,
636 1892 791 1969 longosque
805 1891 898 1950 ciebat

157 1970 307 2029 Incassum
319 1971 423 2044 fletus3
443 1992 532 2049 quum
545 1992 604 2030 sese
618 1992 635 2029 1
647 1972 787 2029 moenibus
800 1972 884 2030 heros

157 2049 316 2108 Priamides
329 2050 428 2109 multis
442 2051 571 2110 Helenus
585 2051 788 2110 comitantibus
801 2051 892 2124 affert,

157 2130 354 2207 Agnoscitque
367 2151 441 2203 suos,
453 2131 590 2208 latusque
603 2131 639 2188 ad
652 2131 751 2189 limina
764 2132 851 2202 ducit,

157 2209 200 2267 Et
213 2209 340 2268 multum
352 2210 480 2269 lacrimas
493 2211 579 2268 verba
591 2210 667 2269 inter
680 2210 792 2288 singula
803 2211 908 2268 fundit.

158 2288 294 2360 Procedo,
308 2291 338 2348 et
350 2309 468 2367 parvam
481 2290 604 2367 Trojam,
618 2290 805 2367 simulataque
818 2290 930 2368 magnis

158 2367 308 2446 Pergama,
321 2370 352 2427 11
365 2373 492 2428 arentem
505 2369 618 2428 Xanthi
632 2371 799 2448 cognomine
812 2371 907 2429 rivum

158 2449 301 2524 Agnosco,
315 2448 453 2526 Scaeaeque
466 2448 622 2526 amplector
634 2449 734 2508 limina
746 2453 844 2526 portae.

158 2527 221 2586 Nec
234 2548 293 2586 non
306 2530 336 2586 et
349 2528 451 2587 Teucri
464 2529 539 2588 socia
552 2528 638 2586 simul
649 2529 719 2588 urbe
732 2530 882 2590 fruuntur:

158 2606 229 2665 Illos
241 2607 398 2684 porticibus
410 2628 460 2666 rex
473 2608 627 2686 accipiebat
640 2608 671 2666 in
685 2609 794 2686 amplis.

157 2686 243 2745 Aulai
256 2687 287 2745 in
300 2686 393 2746 medio
406 2688 534 2746 libabant
546 2688 648 2766 pocula
661 2689 777 2760 Bacchi,

68 2811 72 2817 .
158 2765 307 2844 Impositis
320 2786 388 2825 auro
401 2767 529 2845 dapibus,
541 2768 708 2845 paterasque
721 2769 865 2827 tenebant.

198 2846 348 2924 “Jamque
360 2846 428 2918 dies,
441 2848 568 2925 alterque
582 2848 641 2905 dies
654 2849 807 2925 processit3
827 2852 858 2907 et
871 2868 945 2905 aurae

158 2924 230 2984 Vela
241 2929 354 2999 vocant,
363 2926 531 3005 tumidoque
543 2927 660 2985 inflatur
673 2929 803 2986 carbasus
817 2931 923 2986 austro.

158 3004 216 3062 His
229 3008 326 3064 vatem
338 3006 487 3084 aggredior
499 3007 592 3078 dictis,
606 3026 638 3065 ac
651 3007 721 3065 talia
734 3027 844 3084 quaeso:

159 3084 345 3163 ‘'I'rojugena
358 3086 497 3163 interpres
511 3087 618 3158 dirum,
632 3088 681 3164 qui
693 3088 812 3145 numina
824 3087 936 3158 Phoebi,

159 3164 216 3236 Qui
227 3164 363 3242 tripodas,
377 3165 464 3223 Clarii
475 3165 581 3238 laurus,
594 3166 644 3243 qui
657 3167 748 3226 sidera
760 3167 858 3238 sentis,

158 3244 202 3301 Et
214 3245 362 3303 volucrum
374 3245 496 3323 linguas,
510 3249 539 3304 et
552 3247 683 3323 praepetis
697 3247 793 3305 omina
805 3268 916 3325 pennae,

159 3323 233 3382 Fare
246 3344 460 3402 age—namque
473 3346 587 3384 omnem
600 3346 715 3384 cursum
728 3326 800 3384 mihi
812 3346 946 3405 prospera
958 3325 1030 3384 dixit

159 3402 282 3481 Religio,
295 3407 326 3463 et
339 3404 436 3463 cuncti
449 3409 598 3464 suaserrmt
610 3406 727 3465 numine
741 3406 800 3464 divi

159 3480 277 3541 Italiam
289 3486 394 3561 petere,
408 3487 438 3542 et
451 3488 541 3544 terras
554 3488 667 3544 tentare
680 3488 824 3563 repostas3

159 3562 225 3620 Sola
237 3583 345 3622 novum
358 3563 492 3642 dictuque
505 3565 583 3623 nefas
597 3565 729 3642 Harpyia
741 3565 853 3625 Oelaeno

159 3642 330 3721 Prodigium
342 3643 428 3715 canit,
443 3646 473 3703 et
486 3645 585 3704 tristes
598 3645 751 3704 denuntiat
763 3645 828 3717 iras,

159 3721 374 3800 Obscenamque
387 3724 593 3801 famem-quae
606 3725 698 3802 prima
709 3725 833 3803 pericula
845 3723 930 3784 vito?

159 3801 292 3879 Quidque
304 3822 423 3880 sequens
435 3806 533 3862 tantos
547 3804 653 3880 possim
666 3808 796 3882 superare
808 3805 917 3864 labores
926 3801 950 3863 i’

159 3880 220 3941 Hic
233 3880 373 3956 Helenus,
386 3883 464 3942 caesis
476 3884 601 3962 primum
614 3884 649 3943 de
662 3904 740 3943 more
748 3885 887 3960 juvencis,

158 3960 272 4023 Exorat
281 3981 382 4043 pacem
394 3962 499 4040 divum,
514 3964 658 4044 vittasque
670 3964 791 4028 resolvit
