2506 4298
199 219 259 278 230
502 234 840 278 P.vrae1n11m01a1s

199 376 246 435 Da
259 376 388 435 dextram
401 376 512 449 misero,
526 379 556 436 et
569 381 666 436 tecum
679 398 725 437 me
738 377 808 438 tolle
820 399 871 456 per
883 379 991 454 undaa3

199 456 319 515 Sedibus
332 459 368 515 ut
381 457 483 516 saltem
495 456 613 535 placidis
626 459 657 515 in
670 461 763 517 morte
776 459 948 536 quiescam.”

200 535 281 594 Tabe
294 536 370 595 fatus
384 540 454 607 erat,
468 537 555 614 coepit
569 557 658 614 quum
670 538 740 596 talia
752 541 849 597 vates:

199 615 310 674 “Unde
323 617 393 688 haec,
407 637 424 675 o
439 616 580 688 Palinure,
594 617 724 676 bibitam
737 617 798 676 dira
811 617 937 696 cupido?

199 695 245 753 Tu
259 695 375 774 Stygias
388 695 555 755 inhumatus
569 717 655 773 aquas
669 717 837 775 amnemque
850 718 980 757 severum

198 775 393 834 Eumenidum
406 775 531 853 aspicies,
545 776 671 854 ripamve
684 777 808 854 injussus
821 776 936 836 adibis?

140 922 148 932 ¹
197 854 305 914 Desine
317 855 378 914 fata
391 856 476 914 deum
488 855 566 914 flecti
579 875 689 932 sperare
702 856 851 934 precando.

198 933 255 993 Sed
269 955 336 1011 cape
349 935 426 993 dicta
439 954 556 1007 memor,
570 935 634 993 duri
647 935 749 993 solatia
761 956 851 996 casus.

198 1014 276 1072 Nam
290 1017 342 1072 tua
355 1014 480 1085 finitimi,
493 1015 578 1092 longe
590 1015 703 1092 lateque
716 1035 767 1092 per
778 1017 862 1074 urbes

198 1093 341 1172 Prodigiis
355 1094 413 1153 acti
427 1095 597 1166 coelestibus,
611 1115 674 1153 ossa
686 1095 816 1173 piabunt,

198 1173 241 1230 Et
255 1177 385 1232 statuent
397 1175 552 1245 tumulum,
566 1177 596 1233 et
609 1175 722 1233 tumulo
736 1173 872 1233 solemnia
884 1174 1021 1247 mittent3

197 1253 407 1330 AEternumque
419 1254 497 1312 locus
512 1253 640 1312 Palinuri
652 1274 756 1313 nomen
770 1253 917 1313 habebit.”

198 1329 255 1391 His
269 1333 353 1391 dictis
367 1354 441 1391 curae
454 1336 564 1405 emota,
577 1334 730 1411 pulsusque
743 1353 894 1411 parumper

198 1411 290 1471 Corde
303 1412 384 1471 dolor
395 1412 491 1484 tristi;
511 1413 618 1490 gaudet
631 1413 799 1491 cognomine
811 1404 897 1472 terri.

238 1493 317 1570 Ergo
330 1492 386 1551 iter
398 1493 545 1569 inceptum
557 1496 699 1570 peragunt
722 1493 864 1571 fluvioque
877 1491 979 1570 propin
999 1496 1087 1552 nant:
1178 1462 1245 1541 ὥ

197 1571 307 1631 Navita
319 1592 390 1650 quos
399 1572 461 1650 jam
473 1572 540 1631 inde
552 1577 587 1631 ut
601 1538 708 1651 stygii
716 1573 861 1650 prospexit
874 1572 909 1630 ab
923 1513 1009 1630 undl

198 1651 255 1710 Per
267 1652 390 1711 tacitum
403 1672 503 1710 nemus
516 1652 566 1724 ire,
579 1653 736 1730 pedemque
749 1652 895 1711 advertere
908 1652 984 1729 ripae,

198 1731 244 1789 Sic
257 1732 334 1808 prior
347 1732 514 1810 aggreditur
527 1732 619 1805 dictis,
635 1735 721 1809 atque
733 1732 861 1809 increpat
873 1731 967 1812 ultro:
985 1726 1060 1791 M
1068 1733 1120 1794 a]
1159 1703 1197 1782 :¹14⁶
1214 1740 1244 1773 “

197 1810 357 1888 “Quisquis
370 1833 408 1883 es,
423 1815 549 1870 armatus
563 1811 612 1889 qui
625 1816 724 1870 nostra
736 1812 772 1870 ad
784 1810 1019 1882 fiumina‘tendis,
1098 1842 1118 1873 ,2
1134 1808 1194 1875 (ἦ,
1207 1848 1245 1874 m

197 1891 271 1949 Fare
284 1911 345 1969 age,
356 1891 425 1968 quid
434 1892 546 1965 venias3
562 1891 624 1968 jam
636 1891 731 1962 istinc,
742 1895 772 1949 et
786 1891 941 1968 comprime
954 1910 1094 1968 gressum.

196 1970 371 2030 Umbrarum
384 1972 432 2030 hic
445 1971 524 2030 locus
537 1975 590 2042 est,
604 1971 704 2029 Somni
718 1971 877 2048 Noctisque
890 1991 1014 2049 soporae3

197 2050 323 2128 Corpora
334 2051 400 2108 viva
412 2051 491 2109 nefas
505 2033 617 2128 Stygit*
619 2053 733 2109 vectare
746 2051 849 2109 cerina.

196 2131 260 2189 Nec
272 2150 339 2189 vero
353 2131 473 2189 Alciden
486 2151 532 2189 me
545 2151 610 2188 sum
622 2131 737 2188 laetatus
750 2134 867 2189 euntem

196 2210 346 2287 Accepisse
359 2211 431 2282 lacu,
444 2231 496 2269 nec
510 2210 621 2269 Thesea
633 2210 870 2287 Pirithoumque;

196 2289 251 2348 Dis
265 2309 427 2367 quanquam
439 2290 540 2368 geniti,
554 2293 640 2366 atque
652 2290 754 2348 invicti
766 2290 874 2347 viribus
889 2291 992 2347 essent.

196 2369 365 2428 Tartareum
379 2370 426 2428 ille
440 2389 527 2427 manu
541 2370 689 2428 custodem
701 2369 733 2427 in
746 2369 840 2428 vincla
852 2369 966 2447 petivit,

169 2473 172 2477 ·
196 2448 292 2526 Ipsius
305 2469 323 2506 a
335 2449 405 2508 solio
418 2450 493 2528 regis
506 2449 651 2527 traxitque
664 2452 852 2508 trementem:

196 2529 240 2587 Hi
254 2528 399 2587 dominam
411 2529 491 2587 Ditis
504 2529 631 2587 thalamo
645 2529 781 2588 deducere
795 2528 917 2587 adorti.”

196 2609 267 2682 Quae
280 2612 379 2668 contra
392 2610 516 2668 breviter
528 2609 589 2667 fata
601 2612 645 2667 est
659 2609 834 2687 Amphrysia
844 2612 942 2667 vates:

196 2693 213 2720 “
222 2689 253 2746 N
253 2689 317 2746 ullae
330 2688 377 2748 hic
390 2690 498 2747 insidiae
511 2689 600 2761 tales3
621 2689 726 2747 absiste
739 2688 863 2760 moveri3

195 2769 227 2826 N
227 2789 259 2827 cc
272 2769 332 2826 vim
344 2769 403 2828 tela
415 2770 527 2828 ferunt:
548 2769 617 2827 licet
629 2768 731 2846 ingens
740 2769 849 2846 janitor
861 2769 944 2825 antro

195 2849 349 2907 AEtemum
362 2849 470 2908 latrans
484 2869 639 2926 exsangues
653 2852 760 2906 terreat
773 2848 905 2920 umbras;

196 2928 283 2987 Casta
294 2929 362 2987 lieet
375 2929 471 3007 patrui
484 2933 577 2987 servet
591 2928 761 3005 Proserpina
772 2927 869 2986 limen.

195 3008 299 3068 Troius
313 3008 428 3081 AEneas,
441 3008 549 3087 pietate
561 3008 682 3085 insignis
696 3011 726 3066 ct
739 3007 833 3078 armis,

194 3088 243 3146 Ad
256 3089 416 3166 genitorem
428 3089 500 3146 imas
514 3088 602 3146 Erebi
615 3087 761 3146 descendit
775 3087 812 3145 ad
824 3086 948 3144 umbras.
998 3136 1010 3155 ,.
1036 3133 1040 3139 ,

195 3168 226 3226 Si
239 3172 270 3226 te
283 3168 361 3227 nulla
373 3172 471 3227 movet
484 3171 576 3226 tantae
590 3168 706 3244 pictatis
719 3167 824 3249 imago,
854 3149 911 3217 ls‘e
919 3188 941 3210 :t
957 3146 1037 3243 fari

195 3249 237 3306 At
250 3268 362 3306 ramum
375 3250 452 3307 hunc
469 3248 574 3324 (aperit
586 3267 707 3319 ramum,
721 3246 771 3324 qui
783 3248 863 3304 veste
875 3244 998 3321 latebat)

195 3328 373 3406 Agnosces.’'
415 3309 538 3385 Tumidt
551 3347 585 3385 ex
598 3327 640 3384 ira
653 3330 719 3384 tum
732 3326 817 3384 corda
829 3325 967 3384 residunt.
1002 3392 1006 3401 1

194 3408 226 3465 N
226 3428 258 3466 cc
271 3408 354 3484 plura
366 3407 421 3466 his.
462 3407 517 3466 Ille
530 3407 672 3465 admirans
685 3405 844 3464 venerabile
858 3405 966 3463 donum
981 3393 1032 3465 '‚·
1116 3444 1121 3453 ·
1145 3430 1149 3437 ·

195 3486 304 3545 Fatalis
317 3487 414 3564 virgae,
427 3487 513 3564 longo
527 3491 593 3564 post
606 3490 735 3563 tempore
747 3485 850 3556 visum,

22 3588 37 3629 ,e
126 3578 132 3623 ’,
195 3565 352 3625 Caemleam
366 3566 490 3625 advertit
503 3566 630 3643 puppim,
643 3567 770 3643 ripaeque
783 3564 967 3643 propinquat.
1032 3606 1054 3631 ,.
1100 3592 1144 3649 κ,-
1172 3576 1208 3641 .·;,’,

119 3664 122 3669 ·
195 3646 268 3705 Inde
282 3646 349 3704 alias
363 3646 480 3717 animas,
494 3667 555 3723 quae
568 3666 618 3723 per
627 3646 699 3724 juga
710 3645 798 3722 longa
810 3644 956 3716 sedebant,
970 3638 1000 3679 ’Ἄ
1021 3622 1060 3676 *¹⁴
1086 3636 1138 3700 '²1‘
1157 3644 1213 3707 >
1223 3648 1229 3661 ⁴·

194 3726 348 3799 Deturbat
361 3726 495 3802 laxatque
508 3725 599 3784 foros:
621 3725 707 3783 simul
720 3724 823 3801 accipit
837 3724 916 3782 alveo
943 3734 971 3766 θ
996 3742 1006 3761 0
1028 3743 1047 3768 a
1062 3738 1101 3770 ω
1140 3728 1149 3743 ‘
1192 3730 1199 3751 ··

195 3807 350 3884 Ingentem
363 3806 484 3863 AEnean.
525 3805 645 3864 Gemuit
659 3805 712 3863 sub
725 3804 849 3882 pondere
862 3802 966 3881 cymba
1020 3820 1073 3849 aaa
1096 3792 1124 3835 ‘³
1138 3804 1154 3885 s?
1169 3826 1193 3881 '3

189 3886 301 3961 Sutilis,
316 3890 347 3946 et
360 3885 484 3944 multam
497 3885 606 3963 accepit
618 3883 723 3942 rimosa
735 3883 878 3960 paludem.
916 3890 940 3959 (⁷
957 3900 976 3927 ν
984 3896 1073 3941 :zeni
1101 3884 1141 3928 A·
1158 3896 1206 3927 m

180 3960 315 4030 Tandem
329 3972 414 4030 trans
426 3966 554 4029 fiuvium
564 3964 718 4027 incolumis
727 3965 881 4039 ratemque
888 3960 1038 4038 uirumque
