2506 4298
195 220 254 277 346
499 233 526 274 r.
540 233 835 276 vinemnrmaoms

194 376 254 435 Hic
268 375 369 434 mortis
383 372 460 433 durae
473 395 569 433 casum
582 378 688 451 tuaque
701 375 810 452 optima
821 376 906 450 facta,

195 456 226 513 Si
240 476 295 532 qua
308 456 394 513 fidem
406 458 490 512 tanto
504 458 548 513 est
561 456 638 531 operi
650 456 744 513 latura
755 458 892 526 vetustas,

194 536 264 593 Non
278 535 416 611 equidem,
429 555 481 592 nec
494 538 533 605 te,
542 534 655 613 juvenis
669 535 858 606 memorande,
872 536 967 594 silebo,

195 615 250 672 Ille
264 615 365 691 pedem
376 614 507 685 referens,
521 620 551 672 et
564 614 683 684 inutilis,
697 614 782 690 inque
795 614 901 691 ligatus

196 693 330 764 Cedebat,
344 694 487 771 clipeoque
501 693 647 751 inimicum
660 694 763 752 hastile
776 695 917 753 trahebat.

197 774 333 850 Prorupit
342 773 465 851 juvenis,
479 792 592 850 seseque
606 773 762 832 immiscuit
775 773 878 845 armis3

195 853 320 930 Jamque
333 853 507 930 assurgentis
522 853 622 911 dextra
634 852 804 930 plagamque
817 853 933 911 serentis

196 932 295 990 AEneae
309 933 396 990 subiit
409 951 582 1002 mucronem,
595 932 744 1009 ipsumque
757 933 893 991 morando

196 1012 341 1070 Sustinuit
353 1037 360 1083 3
381 1011 448 1069 socii
461 1031 566 1088 magno
581 1011 701 1070 clamore
715 1015 881 1087 sequuntur,

196 1091 276 1149 Dum
289 1091 402 1168 genitor
414 1090 476 1148 nati
489 1078 590 1168 paruit
599 1094 745 1168 protectus
760 1091 867 1162 abiret3
1178 1160 1183 1173 Ι

197 1171 320 1246 Telaque
334 1170 498 1248 conjiciunt,
511 1172 738 1247 proturbantque
751 1170 861 1228 eminus
874 1171 986 1229 hostem
1088 1194 1095 1199 ·“

162 1317 165 1321 ,
196 1250 364 1308 Missilibus.
405 1250 490 1307 Furit
504 1250 617 1321 AEneas,
630 1253 780 1326 tectusque
793 1254 873 1308 tenet
887 1271 925 1308 se.

196 1330 240 1388 Ac
253 1330 341 1400 velut,
355 1312 443 1388 effusi
456 1329 480 1386 si
494 1331 605 1405 quando
619 1330 755 1407 grandine
768 1329 859 1388 nimbi

197 1408 392 1486 Praecipitant,
403 1409 494 1466 omnis
508 1409 614 1486 campis
628 1409 743 1486 diffugit
757 1415 859 1480 arator,

198 1489 298 1546 Omnis
312 1492 342 1546 et
356 1489 486 1566 agricola,
501 1492 530 1546 et
544 1493 610 1547 tuta
622 1488 695 1547 latet
709 1508 772 1547 arce
785 1490 879 1547 viator

197 1569 259 1625 Aut
273 1569 363 1626 amnis
376 1568 445 1644 ripis
459 1572 510 1625 aut
524 1568 575 1626 alti
588 1569 693 1627 fornice
707 1568 775 1638 saxi,

197 1647 277 1705 Dum
290 1648 365 1724 pluit
377 1648 408 1705 in
421 1648 504 1705 terris
515 1673 522 1719 ;
541 1651 576 1705 ut
588 1648 707 1724 possint,
721 1647 779 1705 sole
791 1647 917 1718 reducto,

197 1727 336 1785 Exercere
349 1727 439 1785 diem:
462 1727 501 1785 sic
515 1728 634 1785 obrutus
647 1727 771 1803 undique
784 1727 849 1784 telis

197 1807 302 1865 AEneas
315 1808 421 1865 nubem
434 1807 509 1878 belli,
524 1808 591 1864 dum
606 1808 731 1877 detonet,
745 1827 860 1865 omnem

198 1887 335 1958 Sustinet,
349 1890 379 1944 et
393 1886 518 1944 Lausum
531 1886 693 1962 increpitat,
706 1885 855 1963 Lausoque
869 1884 1010 1944 minatur:

198 1967 286 2037 “Quo
300 1966 437 2024 moriture
450 1966 518 2037 ruis,
532 1966 692 2043 majoraque
706 1966 812 2023 viribus
826 1964 937 2023 audes?

198 2045 286 2103 Fallit
300 2049 330 2104 te
343 2046 490 2103 incautum
504 2045 595 2120 pietas
608 2046 691 2104 tua.’'
733 2045 795 2103 Nec
809 2046 904 2103 minus
917 2045 965 2102 ille

197 2125 335 2183 Exsultat
349 2125 480 2182 demens:
503 2145 581 2182 saevae
590 2126 706 2202 jamque
720 2125 805 2182 altius
819 2125 869 2182 irae

198 2204 343 2262 Dardanio
357 2207 479 2281 surgunt
493 2205 613 2275 ductori,
628 2211 808 2279 extremaque
822 2204 916 2262 Lauso

197 2284 296 2341 Parcae
311 2283 360 2340 fila
373 2283 491 2360 legunt:
512 2284 638 2341 validum
650 2304 772 2360 namque
786 2284 875 2361 exigit
889 2303 985 2341 ensem

197 2363 255 2420 Per
268 2363 393 2420 medium
407 2363 512 2420 AEneas
522 2363 666 2440 juvenem,
680 2367 830 2438 totumque
844 2364 989 2421 recondit:

198 2441 324 2499 Transiit
339 2445 368 2499 et
381 2462 508 2518 parmam
523 2463 628 2513 mucro,
639 2442 711 2499 levia
724 2463 802 2499 arma
814 2443 940 2514 minacis,

198 2523 239 2579 Et
252 2521 389 2593 tunicam,
403 2522 482 2578 molli
495 2525 587 2580 mater
600 2542 685 2597 quam
700 2525 816 2580 neverat
830 2542 913 2593 aur03

199 2601 391 2678 Implevitque
405 2600 499 2658 sinum
513 2601 644 2678 sanguis3
664 2605 728 2659 tum
741 2602 802 2660 vita
815 2623 864 2679 per
878 2622 959 2659 auras

199 2680 346 2739 Concessit
359 2684 460 2738 maesta
476 2681 512 2738 ad
525 2702 630 2751 manes,
644 2701 800 2758 corpusque
814 2682 938 2758 reliquit.

199 2761 241 2817 At
254 2781 321 2818 vero
334 2764 368 2818 ut
382 2761 495 2818 vultum
508 2761 581 2819 vidit
595 2761 742 2819 morientis
756 2764 785 2819 et
799 2781 856 2832 ora,

199 2840 258 2898 Ora
270 2841 361 2898 modis
375 2840 560 2898 Anchisiades
573 2840 709 2917 pallentia
721 2841 809 2912 miris,

199 2919 348 2996 Ingemuit
361 2920 496 2978 miserans
510 2920 643 2997 graviter,
658 2920 841 2996 dextramque
854 2919 995 2991 tetendit;

199 3000 242 3056 Et
255 3003 382 3057 mentem
395 2999 495 3076 patriae
509 3000 625 3057 strinxit
639 3000 753 3076 pietatis
767 3000 871 3076 imago.

199 3079 302 3150 “Quid
314 3079 368 3136 tibi
381 3099 466 3149 nunc,
480 3078 636 3137 miserande
650 3099 727 3156 puer,
740 3099 791 3155 pro
804 3078 934 3136 laudibus
947 3077 1019 3149 istis,

199 3158 276 3229 Quid
288 3158 351 3236 pius
366 3158 470 3216 AEneas
483 3163 567 3217 tanta
580 3159 659 3217 dabit
672 3159 766 3217 indole
781 3158 925 3235 dignum?

199 3238 301 3308 Arma,
311 3239 412 3314 quibus
426 3238 550 3310 laetatus,
564 3239 636 3296 habe
649 3242 718 3310 tua,
739 3243 822 3315 teque
835 3242 987 3314 parentum

199 3317 335 3374 Manibus
349 3321 379 3375 et
392 3317 487 3389 cineri,
501 3317 525 3375 si
539 3323 651 3393 quaest
665 3338 697 3375 ea
710 3338 785 3389 cura,
798 3318 924 3376 remitto.

151 3420 159 3445 ι
199 3396 266 3453 Ηοο
280 3400 377 3454 tamen
391 3397 488 3455 infelix
501 3397 633 3455 miseram
647 3398 771 3456 solabere
784 3401 924 3456 mortem:

128 3448 153 3531 s
200 3475 300 3532 AEneae
314 3477 412 3552 magni
425 3476 525 3534 dextra
538 3477 643 3565 cadiss’
685 3477 819 3554 Increpat
831 3477 909 3535 ultro

200 3554 375 3613 Cunctantes
389 3556 487 3627 socios,
501 3560 531 3614 et
544 3561 621 3614 terra
634 3557 764 3615 sublevat
777 3557 880 3633 ipsum,

200 3634 342 3710 Sanguine
355 3637 520 3711 turpantem
534 3641 644 3694 comtos
658 3637 692 3694 de
705 3656 783 3694 more
797 3635 920 3712 capillos.

239 3713 354 3771 Interea
366 3716 480 3790 genitor
493 3715 619 3773 Tiberini
633 3716 669 3774 ad
681 3715 806 3773 fluminis
820 3716 927 3772 undam

199 3792 325 3851 Vulnera
338 3793 460 3851 siccabat
472 3794 606 3871 lymphis,
621 3816 776 3872 corpusque
788 3795 901 3853 levabat

193 3872 315 3934 Arboris
329 3872 571 3934 acclinistrunco.
611 3875 715 3932 Procul
728 3895 800 3933 aerea
811 3874 898 3933 ramis
972 3881 975 3884 ⁴

186 3955 350 4040 Dependet
364 3957 458 4041 galea,
471 3959 503 4018 et
515 3958 602 4037 prato
614 3954 715 4036 grauia
724 3974 806 4013 arma
815 3954 973 4031 quieseunt,
