2506 4298
422 233 601 278 croaaroor
613 234 677 277 am.
691 233 743 276 111.
1015 218 1053 279 77

108 377 199 438 Fovit
211 378 342 436 humum.
383 376 458 456 Cape
471 398 539 437 saxa
550 398 645 450 manu,
658 397 725 455 cape
737 376 846 452 robora,
856 381 964 457 pastor,

107 458 326 536 Tollentemque
338 457 429 516 minas
442 462 473 517 et
486 458 568 516 sibila
580 458 651 517 colla
659 460 820 516 tumentem

106 538 227 617 chioc;
242 538 357 617 jamque
370 538 439 616 fuga
450 537 586 596 timidum
598 542 684 615 caput
698 537 806 595 abdidit
820 537 885 612 alte,

110 618 208 690 Quum
220 618 307 676 medii
319 637 408 677 nexus
421 620 610 693 extremaeque
622 617 737 695 agmina
750 617 846 675 caudae

110 698 277 771 Solvrmtur,
289 697 441 774 tardosque
453 697 545 755 trahit
558 697 636 755 sinus
648 696 768 755 ultimus
782 697 872 755 orbes.

110 778 169 835 Est
181 777 269 836 etiam
280 777 328 836 ille
340 778 431 836 malus
445 776 570 835 calabris
582 777 613 834 in
626 777 745 835 saltibus
758 777 868 854 anguis,

110 857 252 933 squamea
264 856 432 916 convolvens
445 857 556 915 sublato
568 859 681 933 pectore
693 859 783 934 terga,

111 938 210 1013 Atque
222 936 300 996 notis
312 937 427 1014 longam
439 937 598 995 maculosus
611 935 765 1014 grandibus
778 936 883 1008 alvum,

111 1016 178 1088 Qui,
191 1017 261 1074 dum
274 1037 370 1075 amnes
382 1015 434 1074 ulli
445 1019 618 1093 rumpuntur
629 1015 765 1087 fontibus,
778 1018 807 1074 et
821 1016 890 1073 dum

110 1096 187 1154 Vere
198 1095 316 1154 madent
328 1096 385 1154 udo
397 1098 482 1154 terrae
495 1116 527 1154 ac
539 1094 707 1172 pluvialibus
720 1095 832 1167 austris,

112 1175 223 1253 Stagna
235 1175 320 1246 colit;
338 1175 461 1252 ripisque
473 1175 615 1247 habitans,
628 1174 676 1232 hic
688 1174 811 1251 piscibus
824 1177 916 1234 atram

111 1254 266 1332 Improbus
278 1254 434 1333 ingluviem
446 1255 576 1331 ranisque
588 1255 750 1331 loquacibus
763 1255 872 1333 explet:

111 1334 272 1410 Postquam
284 1337 383 1392 exusta
395 1334 484 1411 palus,
497 1337 635 1410 terraeque
648 1334 745 1393 ardore
758 1335 917 1406 dehiscunt,

111 1414 220 1472 Exsilit
232 1413 264 1472 in
276 1414 390 1485 siccum,
404 1417 434 1472 et
446 1414 622 1472 flammantia
633 1413 741 1472 lumina
753 1416 888 1491 torquens

113 1494 204 1552 Saevit
217 1493 302 1571 agris,
316 1513 450 1570 asperque
463 1493 512 1551 siti
525 1498 610 1570 atque
623 1493 774 1573 exterritus
787 1498 869 1552 aestu.
923 1498 1023 1552 duca
1039 1518 1064 1552 fn
1079 1526 1085 1546 <
1105 1500 1115 1551 ι’

111 1573 162 1631 Ne
174 1573 247 1631 mihi
259 1576 324 1631 tum
336 1573 434 1631 molles
447 1574 500 1631 sub
513 1573 579 1632 divo
588 1593 703 1650 carpere
716 1593 838 1646 somnos,

110 1653 182 1711 Neu
194 1652 278 1711 dorso
290 1652 413 1711 nemoris
424 1652 511 1711 libeat
520 1652 641 1730 jacuisse
653 1673 703 1730 per
715 1653 824 1725 herbas,

111 1733 211 1804 Quum
223 1731 324 1810 positis
336 1752 426 1791 novus
439 1732 547 1790 exuviis
559 1733 722 1808 nitidusque
731 1732 851 1809 juventa

110 1812 257 1884 Volvitur,
271 1815 321 1870 aut
334 1812 442 1870 catulos
455 1812 540 1871 tectis
554 1814 604 1870 aut
617 1832 671 1870 ova
683 1812 851 1887 relinquens,

110 1893 230 1950 Arduus
244 1892 281 1950 ad
293 1890 388 1964 solem,
402 1895 431 1950 et
443 1891 548 1969 linguis
561 1891 648 1950 micat
661 1911 708 1949 ore
720 1892 853 1950 trisulcis.

155 1971 326 2030 Morborum
339 1991 448 2047 quoque
461 1975 491 2029 te
505 1991 601 2030 causas
615 1975 644 2029 et
657 1971 739 2048 signa
752 1971 865 2030 docebo.

111 2051 219 2129 Turpis
233 2070 299 2110 oves
311 2053 408 2109 tentet
421 2050 535 2123 scabies,
548 2051 598 2109 ubi
610 2051 729 2128 frigidus
742 2050 832 2110 imber

111 2130 213 2189 Altius
227 2131 264 2189 ad
275 2130 373 2188 vivum
386 2130 509 2208 persedit
522 2134 552 2189 et
564 2130 679 2188 horrida
691 2150 760 2189 cano

110 2211 226 2270 Bruma
238 2210 320 2288 gelu3
339 2210 385 2268 vel
398 2230 486 2287 quum
498 2210 589 2269 tonsis
601 2210 699 2269 illotus
712 2211 832 2270 adhaesit

112 2290 217 2361 Sudor,
231 2294 262 2349 et
274 2290 379 2348 hirsuti
391 2294 540 2349 secuenmt
553 2310 669 2367 corpora
681 2310 778 2368 vepres

112 2369 256 2429 Dulcibus
268 2369 372 2428 idcirco
384 2369 478 2427 fluviis
490 2389 575 2447 pecus
588 2388 672 2428 omne
684 2370 815 2447 magistri

112 2449 306 2521 Perfrmdunt,
319 2449 437 2525 udisque
450 2448 521 2507 aries
534 2449 565 2507 in
577 2450 692 2526 gurgite
704 2449 779 2508 villis

112 2528 271 2601 Mersatnr,
285 2528 441 2604 missusque
454 2529 575 2587 secundo
588 2528 687 2587 defluit
701 2529 795 2599 amni3
1016 2601 1021 2610 ,

111 2609 179 2667 Aut
191 2611 308 2668 tonsum
319 2608 398 2666 tristi
410 2607 582 2686 contingunt
595 2628 694 2686 corpus
707 2628 828 2680 amurca,
844 2607 910 2676 cis„
948 2618 965 2681 ς’
992 2610 1054 2668 cst?

112 2689 160 2747 Et
172 2708 287 2766 spumas
299 2688 419 2746 miscent
432 2687 551 2766 argenti,
564 2688 683 2764 vivaque
695 2675 809 2760 sulfura,
937 2688 951 2709 ³

114 2767 267 2844 Idaeasque
279 2768 364 2846 pices,
377 2771 407 2826 et
420 2767 539 2845 pingues
552 2767 678 2845 unguine
691 2787 776 2838 ceras,

115 2848 296 2924 Scillamqne,
309 2846 499 2923 elleborosque
511 2866 619 2925 graves,
632 2847 800 2925 nigrumque
812 2845 951 2904 bitumen.

114 2927 187 2986 Non
200 2930 299 2986 tamen
311 2927 370 2985 ulla
381 2929 473 3004 magis
486 2946 608 3004 proesens
621 2927 737 2986 fortuna
748 2926 876 2984 laborum
889 2930 942 2998 est,

49 3056 53 3083 ,
116 3007 212 3078 Quam
225 3007 250 3064 si
263 3006 326 3083 quis
338 3006 412 3065 ferro
424 3006 521 3084 potuit
533 3006 690 3065 rescindere
703 3025 848 3063 summum

48 3092 53 3103 ’
115 3086 229 3145 Ulceris
242 3106 282 3144 os.
322 3086 420 3144 Alitur
432 3086 535 3144 vitium
547 3086 675 3162 vivitque
686 3086 818 3163 tegendo,

117 3165 200 3224 Dum
212 3165 334 3224 medicas
348 3165 479 3224 adhibere
492 3186 592 3224 manus
606 3166 642 3223 ad
654 3165 770 3223 vulnera
782 3171 878 3241 pastor

117 3245 263 3324 Abnegat,
277 3248 327 3304 aut
340 3245 456 3304 meliora
468 3247 534 3304 deos
548 3246 627 3304 sedet
640 3245 735 3303 omina
747 3263 874 3321 poscens.

119 3325 197 3398 Quin
209 3325 305 3398 etiam,
317 3324 376 3383 ima
388 3324 467 3384 dolor
479 3325 626 3384 balantum
639 3324 733 3402 lapsus
746 3325 783 3382 ad
796 3343 859 3381 ossa

119 3406 214 3476 Quum
230 3405 308 3477 furit,
322 3407 407 3482 atque
421 3407 499 3463 artus
513 3405 673 3483 depascitur
686 3404 764 3462 arida
776 3403 869 3476 febris,

119 3484 234 3543 Profuit
246 3485 375 3543 incensos
388 3488 474 3543 aestus
487 3489 621 3556 avertere,
634 3486 665 3542 et
678 3484 752 3542 inter

120 3563 186 3622 Ima
197 3565 280 3623 ferire
292 3564 371 3642 pedis
385 3564 531 3623 salientem
544 3563 681 3642 sanguine
693 3583 812 3633 vcnam3

119 3643 244 3703 Bisaltas
253 3663 311 3721 quo
322 3663 400 3703 more
413 3643 514 3717 solent,
527 3663 644 3721 acerque
657 3643 791 3714 Gelonus,

120 3724 217 3796 Quum
229 3723 306 3802 fugit
318 3723 350 3781 in
362 3723 530 3801 Rhodopen,
542 3727 627 3800 atque
639 3723 671 3781 in
684 3723 795 3781 deserta
807 3721 954 3792 Getarum,

119 3803 163 3862 Et
175 3804 220 3862 lac
232 3806 397 3862 concretum
409 3823 475 3862 cum
488 3803 624 3882 sangvine
636 3805 720 3881 potat
733 3801 844 3878 equino.

159 3883 255 3957 Quam
266 3883 365 3961 procul
377 3885 428 3942 aut
441 3883 521 3942 molli
533 3883 679 3942 succedere
691 3881 794 3959 saepius
807 3880 917 3938 umbrae

118 3962 242 4039 Videris,
254 3965 307 4023 ant
316 3983 442 4022 summas
454 3966 617 4044 carpentem
629 3962 763 4047 ignavius
771 3961 889 4039 herbas,
