2506 4298
171 211 211 272 74
491 227 673 271 avraornrr
687 228 830 273 nnaorrs

169 370 384 446 Horrentesque
397 369 492 442 rubos,
507 374 537 429 et
550 373 678 430 amantes
692 371 780 431 ardua
793 372 908 432 dumos:

168 452 266 528 Atque
278 451 347 527 ipsae
360 469 498 508 memores
511 450 631 509 redeunt
643 451 675 509 in
688 454 775 523 tecta,
789 472 909 530 suosque

168 530 297 601 Ducunt,
310 531 340 587 et
351 528 468 606 gravido
481 533 615 607 superant
624 531 672 588 vix
684 532 770 590 ubere
783 531 879 590 limen.

168 610 248 688 Ergo
261 608 339 668 omni
352 608 447 667 studio
461 609 580 686 glaciem
592 607 749 688 tentosque
762 611 878 684 nivales,

168 690 232 761 Quo
244 688 338 747 minor
350 692 394 747 est
407 688 463 746 illis
476 708 551 747 ourae
564 690 691 748 mortalis
705 692 826 768 egestas,

168 770 298 840 Avertes,
311 767 475 843 victumque
488 768 559 827 feres
572 773 602 826 et
615 769 713 847 virgea
725 769 809 828 laetus

167 847 277 906 Pabula
288 872 295 920 ;
314 867 367 905 neo
379 850 444 906 tota
456 847 568 906 claudes
581 848 688 907 foenilia
700 848 809 908 bruma.

166 928 209 986 At
221 947 297 999 vero,
310 927 440 1005 zephyris
453 946 542 1003 quum
555 928 623 986 laeta
635 929 803 987 vocantibus
818 931 902 986 aestas

167 1007 205 1065 In
218 1007 307 1065 saltus
320 1009 472 1083 utrumque
485 1027 601 1085 gregem
613 1009 699 1084 atquo
711 1007 742 1065 in
758 1028 863 1086 pascua
875 1008 983 1080 mittet,

169 1086 293 1145 Luciferi
305 1086 396 1164 primo
410 1106 476 1144 oum
488 1087 578 1145 sidere
591 1087 694 1165 frigida
706 1107 772 1146 rura

167 1165 332 1244 Onrpamus,
345 1167 415 1223 dum
428 1185 510 1225 mane
522 1186 638 1238 novum,
652 1168 721 1224 dum
735 1166 865 1244 gramina
877 1170 989 1239 canent,

166 1245 209 1304 Et
221 1267 267 1305 ros
279 1246 310 1304 in
322 1248 420 1304 tenera
432 1245 526 1322 pecori
538 1246 717 1323 gratissimus
730 1246 827 1305 herba.

167 1325 249 1398 Inde,
261 1325 312 1383 ubi
325 1327 427 1401 quarta
439 1324 519 1382 sitim
532 1325 595 1383 coeli
609 1326 754 1403 collegerit
767 1327 848 1396 hora,

166 1405 209 1463 Et
223 1408 310 1464 cantu
323 1404 449 1481 querulae
461 1410 596 1482 rumpent
610 1406 726 1464 arbusta
739 1405 851 1476 oioadae,

165 1485 213 1542 Ad
224 1487 326 1562 puteos
340 1487 390 1542 aut
403 1484 462 1542 alta
475 1505 575 1562 greges
588 1485 624 1542 ad
637 1487 740 1563 stagna
749 1485 851 1564 jubeto

165 1564 335 1623 Currentem
347 1563 442 1641 ilignis
455 1568 553 1643 potare
567 1565 710 1623 canalibus
724 1565 849 1623 undam:

165 1644 296 1703 AEstibus
309 1647 340 1702 at
352 1643 452 1702 mediis
467 1644 630 1702 umbrosam
643 1645 787 1720 exquirere
800 1643 912 1714 vallem,

165 1724 262 1783 Sicubi
274 1743 378 1801 magna
391 1722 412 1780 J
413 1722 473 1782 ovis
487 1724 605 1799 antiquo
618 1725 717 1782 robore
731 1743 850 1801 quercus

164 1802 302 1881 Ingentes
315 1803 415 1862 tendat
428 1823 537 1876 ramos,
557 1806 609 1861 aut
622 1803 712 1862 sicubi
724 1803 841 1880 nigrum

164 1883 272 1942 Ilicibis
285 1882 388 1942 crebris
401 1903 480 1941 sacra
492 1903 591 1941 nemus
605 1884 723 1942 accubet
736 1884 845 1941 umbra.

164 1960 241 2020 Turn
254 1966 354 2021 tenues
368 1963 433 2020 dare
446 1981 544 2020 rursus
558 1983 652 2038 aquas,
666 1967 696 2021 et
709 1982 822 2039 pascere
835 1982 933 2020 rursus
996 1999 999 2004 -

165 2042 238 2100 Solis
252 2043 288 2100 ad
301 2062 439 2114 occasum,
453 2062 543 2118 quum
556 2042 676 2119 frigidus
689 2050 754 2100 ae'ra
766 2062 865 2119 vesper

164 2119 325 2200 Temperat,
339 2125 369 2180 et
382 2121 472 2179 saltus
485 2121 576 2179 reficit
585 2123 646 2199 jam
658 2122 768 2180 roscida
780 2122 857 2193 luna,

164 2200 318 2278 Litoraque
332 2201 468 2278 alcyonen
480 2207 623 2272 resonant,
636 2201 815 2260 acalanthida
828 2201 917 2259 dumi.

164 2281 241 2352 Quid
253 2281 308 2340 tibi
319 2284 446 2358 pastores
459 2280 568 2357 Libyae,
582 2281 650 2357 quid
663 2301 767 2358 pascua
779 2301 864 2339 versu

164 2359 330 2437 Prosequor,
344 2365 373 2418 et
386 2361 456 2418 raris
468 2360 599 2418 habitata
611 2361 731 2437 mapalia
743 2359 852 2418 tectis?

164 2439 245 2518 Saepe
259 2441 334 2498 diem
346 2444 523 2516 noctemque,
537 2447 567 2497 et
580 2443 678 2497 totum
691 2461 725 2498 ex
738 2440 835 2498 ordine
849 2458 975 2498 mensem

163 2519 296 2578 Pascitur
307 2520 387 2596 itque
400 2539 485 2597 pecus
498 2519 584 2596 longa
595 2519 627 2577 in
640 2519 751 2578 deserta
762 2520 823 2578 sine
835 2519 901 2576 ullis

163 2599 322 2677 Hospitiis:
342 2602 459 2657 tantum
472 2599 563 2675 campi
572 2599 657 2676 jacet.
699 2599 803 2657 Omnia
815 2618 911 2657 secum

162 2679 360 2738 Armentarius
374 2679 443 2737 Afer
457 2678 526 2755 agit,
539 2682 705 2755 tectumque
718 2678 877 2754 Laremque

162 2758 306 2835 Armaque
314 2759 547 2837 Amyclaeumque
557 2778 655 2817 canem
666 2757 849 2834 Cressamque
859 2757 1040 2834 pharetram:

163 2838 230 2897 Non
246 2859 325 2898 secus
338 2859 370 2897 aa
382 2838 482 2915 patriis
496 2858 559 2896 acer
572 2837 720 2896 Romanus
732 2838 763 2895 in
776 2837 862 2895 armis

18 2957 34 2993 ,-
94 2923 98 2930 '
121 2981 124 2985 ,
161 2918 275 3003 Injusto
287 2920 342 2996 ,sub
355 2919 429 2977 fasce
441 2919 519 2975 viam
532 2937 622 2993 quum
635 2917 734 2995 carpit,
748 2919 778 2975 et
791 2916 870 2975 hosti

2 3049 4 3057 s
20 3045 37 3075 „
54 3052 74 3080 a
85 3048 97 3072 ,
112 3054 135 3078 m
160 2989 446 3076 Anteexspec'tatffm
458 2997 559 3074 positis
572 3000 631 3056 stat
643 2997 674 3054 in
687 2997 800 3074 agmine
813 2996 921 3055 castris.
931 3050 942 3085 ,

123 3076 128 3082 '
161 3079 204 3137 At
217 3099 283 3151 non,
297 3099 353 3155 qua
365 3077 493 3156 Scythiae
505 3082 605 3155 gentes
618 3077 790 3152 Maeotiaque
802 3076 887 3148 unda,
923 3085 966 3124 s'n
991 3067 1079 3134 all-sa
1095 3105 1122 3132 m
1132 3070 1146 3136 ,ἶ
1156 3116 1168 3135 ‚2

2 3157 23 3181 '¹
38 3180 61 3201 ν
161 3153 306 3216 Turbidus
319 3163 348 3216 et
361 3161 497 3234 torquens
510 3157 645 3215 flaventes
659 3156 762 3214 Hister
775 3175 881 3227 arenas,
972 3160 1055 3236 as„
1083 3174 1115 3237 g,
1154 3179 1183 3235 μ’

162 3238 279 3316 Quaque
291 3237 365 3297 redit
378 3237 504 3295 medium
517 3237 656 3313 Rhodope
669 3238 798 3312 porrecta
811 3236 863 3293 sub
877 3255 966 3293 axem.
1166 3227 1186 3261 Ἰ

161 3317 226 3377 Illic
239 3318 333 3376 clausa
345 3320 445 3375 tenent
459 3316 577 3375 stabulis
591 3319 734 3386 armenta3
754 3334 845 3391 neque
857 3315 924 3372 ullae

160 3398 223 3456 Aut
236 3398 331 3456 herbae
344 3417 442 3474 campo
456 3399 592 3474 apparent
605 3399 655 3454 aut
669 3396 766 3453 arbore
779 3394 909 3465 frondes3

160 3477 217 3535 Sed
225 3477 302 3555 jacet
316 3476 465 3554 aggeribus
477 3476 566 3534 niveis
579 3475 708 3533 informis
724 3479 754 3532 et
768 3474 828 3532 alto

159 3556 248 3615 Terra
260 3556 328 3634 gelu
338 3556 405 3627 late,
418 3558 581 3633 septemque
591 3554 714 3631 assurgit
726 3554 758 3612 in
770 3554 867 3611 ulnas:

160 3636 275 3714 Semper
287 3635 387 3706 hiems,
400 3655 509 3712 semper
522 3635 661 3712 spirantes
673 3633 779 3711 frigora
789 3616 882 3712 §dauri
905 3642 927 3684 C
940 3672 946 3686 ,
981 3617 1013 3665 ‘¹'
1024 3622 1163 3685 alma,

160 3716 237 3774 Tum
250 3716 298 3774 Sol
310 3714 448 3793 pallentes
460 3714 537 3772 haud
550 3734 676 3790 unquam
689 3712 807 3771 discutit
820 3712 951 3770 umbras:

158 3796 222 3854 Neo
235 3816 324 3873 quum
336 3795 465 3853 invectus
479 3794 557 3870 equis
571 3794 663 3851 altum
675 3792 750 3870 petit
763 3792 886 3863 aethera;
907 3812 958 3851 nec
972 3811 1063 3869 quum

154 3875 340 3954 Prrecipitem
353 3873 450 3934 oceani
462 3874 548 3932 rubro
561 3873 632 3931 lavit
644 3891 757 3949 aequore
770 3891 894 3930 currum.

27 3978 49 4031 g
143 3952 348 4017 Concrescunt
360 3955 467 4017 subitoe
480 3953 610 4017 currenti
619 3952 654 4013 in
663 3951 781 4011 humine
793 3953 906 4022 crusta,
1019 4012 1021 4016 ,
