2506 4298
159 204 216 266 178
461 223 488 264 r.
503 223 643 264 mamm
656 223 798 266 macrus

157 363 216 422 Hic
228 363 353 440 primum
365 363 480 441 paribus
493 365 587 422 nitens
601 363 745 442 Cyllenius
759 365 811 424 alis

157 442 313 516 Constitit3
332 444 399 502 hine
413 447 477 502 toto
490 464 613 521 praeceps
627 465 657 502 se
671 464 785 521 corpore
798 446 835 504 ad
847 447 937 506 undas

157 521 250 595 Misit,
264 523 310 581 avi
323 523 430 595 similis,
444 544 505 600 quae
519 524 625 582 circum
637 523 730 596 litora,
745 525 851 583 circum

156 601 286 661 Piscoscs
299 603 436 680 scopulos,
449 603 565 661 humilis
577 603 656 662 volat
669 622 782 679 aequora
789 605 882 682 juxta.

158 681 262 758 [Haud
274 682 357 740 aliter
369 686 459 740 terras
472 683 547 741 inter
561 683 718 759 coelumque
730 684 854 758 volabat,

155 759 240 818 Litus
253 781 402 820 arenosum
414 761 515 839 Libyae
527 765 683 838 ventosque
697 763 809 821 secabat

154 839 289 900 Materno
301 842 416 900 veniens
429 843 465 900 ab
478 862 531 900 avo
545 841 673 919 Cyllenia
685 841 800 919 proles]

155 919 199 977 Ut
213 920 337 997 primum
351 921 432 979 alatis
445 921 545 998 tetigit
558 921 680 999 magalia
693 921 807 998 plantis,

155 999 266 1058 AEnean
278 1000 445 1059 fundantem
459 1020 535 1059 arces
549 1021 581 1059 ac
593 1003 672 1060 tecta
683 1003 838 1059 novantem

156 1078 318 1156 Conspicit:
339 1083 424 1156 atque
436 1080 479 1138 illi
491 1081 620 1138 stellatus
633 1079 739 1156 iaspide
752 1081 830 1139 fulva

154 1158 241 1217 Ensis
254 1162 324 1232 erat,
338 1160 480 1237 Tyrioque
493 1160 609 1218 ardebat
621 1159 728 1218 murice
740 1160 821 1231 laena,

154 1237 286 1296 Demissa
299 1259 332 1296 ex
345 1239 486 1311 humeris;
507 1240 584 1297 dives
598 1258 661 1315 quae
674 1259 792 1297 munera
803 1239 880 1298 Dido

154 1316 282 1389 Fecerat,
296 1322 326 1376 et
339 1319 420 1377 tenui
432 1319 504 1377 telas
518 1319 687 1377 discreverat
701 1338 777 1377 auro.

155 1395 298 1455 Continuo
311 1399 437 1456 invadit:
459 1403 474 1429 “
484 1398 529 1456 Tu
541 1418 618 1456 nunc
631 1397 813 1476 Carthaginis
826 1398 894 1456 altae

152 1475 353 1537 Fundamenta
364 1478 447 1549 locas,
460 1478 663 1554 pulchramque
675 1478 790 1535 uxorius
803 1479 904 1536 urbem

153 1554 311 1616 Exstruis?
331 1559 388 1616 heu
400 1558 482 1634 regni
494 1577 643 1634 rerumque
656 1557 744 1616 oblite
756 1559 888 1616 tuarum!

153 1634 221 1712 Ipse
234 1636 318 1694 deum
331 1637 387 1695 tibi
398 1658 445 1695 me
458 1637 532 1695 claro
546 1636 675 1695 demittit
689 1636 812 1714 Olympo

153 1713 310 1792 Regnator,
324 1717 427 1775 coelum
440 1720 469 1775 et
482 1721 572 1775 terras
586 1716 635 1794 qui
646 1716 763 1774 numine
776 1720 909 1792 torquet3

153 1793 220 1871 Ipse
232 1795 294 1854 haec
307 1796 379 1855 ferre
387 1797 471 1875 jubet
485 1797 585 1855 celeres
599 1795 734 1854 mandata
746 1815 795 1872 per
809 1816 906 1854 auras:

153 1874 229 1946 Quid
242 1875 352 1936 struis?
373 1880 423 1934 aut
436 1897 492 1952 qua
504 1897 553 1952 spe
566 1874 682 1954 Libycis
695 1874 764 1933 teris
778 1875 837 1933 otia
849 1875 956 1934 terris?

153 1953 184 2011 Si
196 1957 227 2013 te
239 1956 318 2013 nulla
330 1960 427 2014 movet
439 1959 586 2014 tantarum
599 1955 689 2032 gloria
701 1974 804 2026 rerum,

153 2033 216 2092 Nec
230 2055 312 2111 super
324 2035 384 2112 ipse
396 2039 448 2093 tua
461 2035 569 2093 moliris
581 2034 664 2092 laude
676 2034 810 2105 laborem,

152 2113 307 2171 Ascanium
321 2119 493 2192 surgentem,
507 2118 536 2173 et
550 2134 612 2190 spes
625 2113 736 2172 heredis
749 2113 806 2171 Iuli

152 2191 289 2269 Respice,
310 2195 355 2252 cui
368 2215 488 2271 regnum
503 2195 598 2252 Italiae
611 2193 796 2268 Romanaque
808 2193 894 2251 tellus

152 2271 331 2349 Debentur.'’
373 2275 436 2332 Tali
450 2274 595 2351 Cyllenius
609 2293 656 2331 ore
667 2273 780 2330 locutus

152 2351 288 2410 Mortales
301 2353 378 2411 visus
391 2355 484 2413 medio
498 2374 625 2412 sermone
637 2352 760 2428 reliquit,

153 2429 196 2488 Et
208 2433 307 2508 procul
319 2433 349 2490 in
362 2437 479 2492 tenuem
492 2453 526 2490 ex
539 2433 626 2491 oculis
640 2431 755 2490 evanuit
768 2450 873 2488 auram.

192 2510 235 2568 At
248 2531 314 2570 vero
328 2513 432 2571 AEneas
446 2516 561 2589 aspectu
575 2512 719 2570 obmutuit
733 2531 837 2580 amens,

152 2589 333 2668 Arrectaeque
346 2594 461 2651 horrore
474 2612 570 2664 comae,
585 2594 614 2653 et
627 2611 682 2649 vox
694 2590 821 2648 faucibus
834 2589 925 2647 haesit.

151 2669 244 2728 Ardet
257 2672 333 2731 abire
345 2673 422 2750 fuga,
436 2673 585 2749 dulcesque
597 2671 753 2747 relinquere
766 2674 864 2741 terras,

152 2749 305 2809 Attonitus
318 2755 401 2810 tanto
414 2753 527 2811 monitu
539 2751 711 2828 imperioque
724 2751 849 2807 deorum.

152 2829 229 2902 Heu,
244 2832 312 2908 quid
324 2831 418 2909 agat?
439 2851 494 2909 quo
507 2851 583 2889 nunc
596 2831 723 2908 reginam
737 2829 843 2887 ambire
856 2829 999 2886 furentem

63 2947 66 2952 -
152 2909 266 2968 Audeat
279 2911 391 2972 affatu?
412 2931 475 2988 quae
488 2912 580 2989 prima
592 2909 705 2969 exordia
717 2908 835 2967 sumat?

154 2988 265 3067 [Atque
278 2991 404 3048 animum
417 3011 492 3049 nunc
505 2992 561 3049 hue
575 2990 701 3061 celerem,
714 3009 790 3047 nunc
803 2987 905 3046 dividit
918 2986 995 3059 illuc,

151 3068 189 3126 In
202 3074 351 3147 partesque
364 3072 439 3147 rapit
451 3071 551 3143 varias,
564 3090 667 3147 perque
681 3068 776 3127 omnia
787 3066 904 3143 versat]

151 3147 226 3207 Haec
239 3151 392 3208 alternanti
404 3151 498 3228 potior
511 3149 653 3208 sententia
664 3149 725 3206 visa
738 3152 798 3206 est:

151 3227 306 3288 Mnesthea
318 3230 537 3307 Sergestumque
549 3232 641 3299 vocat,
654 3229 813 3304 fortemque
827 3226 987 3284 Serestum:

152 3306 278 3367 Classem
291 3312 392 3386 aptent
405 3311 496 3382 taciti,
510 3309 653 3385 sociosque
667 3308 703 3366 ad
715 3307 801 3366 litora
815 3309 936 3382 cogant;

150 3387 241 3446 Arme
253 3392 362 3464 parent,
376 3393 414 3462 et,
429 3409 492 3466 quae
505 3390 544 3448 sit
556 3389 639 3447 rebus
654 3407 737 3446 causa
748 3385 895 3456 novandis,

151 3466 357 3527 Dissimulent:
378 3489 437 3527 sese
450 3469 566 3540 interea,
580 3468 692 3544 quando
705 3466 814 3544 optima
826 3465 904 3522 Dido

150 3545 278 3619 Nesciat,
293 3550 322 3606 et
335 3552 432 3606 tantos
445 3549 540 3626 rumpi
553 3569 610 3606 non
624 3550 717 3624 speret
731 3565 847 3615 amores,

151 3625 343 3685 Tentaturum
356 3628 458 3699 aditus,
472 3632 502 3687 et
515 3647 579 3704 quae
591 3626 758 3685 mollissima
770 3625 847 3684 fandi

150 3705 299 3783 Tempora,
314 3707 376 3783 quis
389 3707 472 3766 rebus
486 3708 584 3766 dexter
597 3707 707 3765 modus.
749 3705 834 3765 Ocius
849 3723 947 3762 omnes

151 3784 276 3863 Imperio
289 3787 349 3845 laeti
362 3791 471 3864 parent,
486 3807 517 3845 ac
526 3787 608 3865 jussa
619 3787 771 3844 facessunt.

55 3909 75 3945 p
184 3867 230 3925 At
241 3866 342 3946 regina
354 3867 433 3927 dolos
450 3867 525 3945 (quis
538 3866 633 3924 fallere
646 3864 735 3943 possit
749 3866 894 3922 amantem
903 3861 931 3939 Ρ)

135 3943 308 4028 Praesensr't,
323 3952 481 4032 motusque
493 3947 606 4028 excepit
616 3945 711 4027 prima
718 3944 841 4016 tuturos,
