2506 4298
439 200 580 243 numos
594 200 656 242 tra.
670 201 727 243 vn.
998 189 1057 246 265

109 340 227 400 Deserit
239 341 417 419 Hesperiam,
432 344 463 400 et
476 341 539 400 coeli
552 361 676 425 convexa
688 363 738 421 per
751 365 833 403 auras
855 318 992 397 feram
1013 350 1034 381 11
1041 364 1062 387 υ
1072 358 1096 389 '¹
1105 364 1127 401 *s

111 420 258 480 Junonem
270 421 374 480 victrix
388 422 491 480 affatur
503 441 572 480 voce
585 423 721 499 superba:
1109 416 1115 434 ⁰

110 504 129 533 ‘⁴
137 496 195 572 En,
207 500 334 578 perfecta
345 500 400 560 tibi
412 501 487 559 bello
500 501 638 560 discordia
650 503 745 575 tristi3

109 579 176 652 Dic,
189 580 220 638 in
234 580 389 639 amicitiam
402 583 512 652 coeant,
527 583 557 639 ct
569 581 675 641 foedera
683 582 818 661 jungant.

110 659 345 737 Quandoquidem
359 660 486 718 Ausonio
499 661 617 737 respersi
631 662 768 739 sauguine
782 663 914 735 Teucros,

110 739 178 797 Hoc
192 739 279 798 etiam
291 740 337 798 his
350 740 460 812 addam,
473 742 525 798 tua
538 740 647 798 simihi
660 744 737 800 certa
749 742 897 801 voluntas:
1106 798 1117 815 ..

110 818 264 878 Finitimas
277 819 307 877 in
320 819 396 878 bella
407 820 495 878 feram
508 820 668 878 rumoribus
681 821 773 893 urbes,
830 846 857 880 r.
867 825 908 881 ιίῑ
940 833 952 863 ·”
966 844 972 855 ’
985 842 1020 866 ¹³»
1033 835 1063 869 ³¹³
1104 830 1118 850 '⁹
1178 828 1189 847 ⁴
1202 815 1213 850 ⁶

109 898 327 976 Accendamque
340 899 448 957 animos
461 899 553 956 insani
566 899 671 958 Martis
684 920 787 973 amore,
1122 948 1134 975 s

110 977 247 1056 Undique
259 981 293 1036 ut
306 979 410 1037 auxilio
423 978 556 1050 veniant;
576 999 708 1056 spargam
722 1000 800 1054 arma
812 1001 862 1058 per
875 980 987 1059 agros.'’
1001 978 1078 1025 Μ(
1099 970 1132 1014 )”“
1144 968 1240 1065 2⁴⁴⁸ss

110 1056 188 1114 Tum
200 1061 301 1116 contra
313 1058 335 1116 J
335 1078 408 1117 uno:
430 1063 446 1089 “
456 1058 607 1116 Terrorum
621 1063 651 1117 et
664 1059 770 1118 fraudis
784 1061 895 1120 abunde
908 1065 960 1119 est.
1072 1049 1104 1105 ,t‘
1113 1088 1125 1109 ι
1149 1070 1182 1098 ·’”
1192 1072 1216 1093 ’”
1226 1068 1240 1089 ⁴

111 1136 198 1195 Stant
211 1137 279 1196 belli
292 1156 400 1209 causae;
419 1140 565 1215 pugnatur
578 1138 704 1196 cominus
718 1142 820 1199 armis:

111 1216 183 1288 Quae
195 1217 253 1275 fors
265 1217 358 1294 prima
371 1216 458 1289 dedit,
471 1216 586 1294 sanguis
599 1237 689 1276 novus
703 1218 807 1278 imbuit
821 1239 907 1278 arma.

110 1295 193 1354 Talia
205 1296 346 1355 connubia
358 1299 388 1355 et
400 1297 473 1356 tales
487 1296 628 1355 celebrent
641 1296 805 1375 hymenaeos

109 1375 270 1454 Egregium
283 1376 400 1434 Veneris
413 1396 502 1454 genus
516 1379 546 1434 et
559 1396 608 1434 rex
620 1376 680 1453 ipse
694 1377 825 1437 Latinus.

110 1455 153 1513 Te
166 1475 251 1532 super
265 1455 394 1514 aetherias
408 1476 499 1514 errare
511 1455 643 1514 licentius
657 1476 738 1514 auras

110 1534 201 1593 Haud
214 1535 302 1593 Pater
313 1535 361 1594 ille
374 1535 452 1606 velit,
466 1535 570 1594 summi
583 1540 718 1613 regnator
731 1535 855 1614 Olympi.

110 1612 187 1673 cede
199 1613 276 1673 locis
317 1615 392 1692 Ego,
406 1615 430 1673 si
444 1635 500 1691 qua
512 1635 596 1692 super
608 1616 724 1673 fortuna
735 1616 867 1674 laborum
881 1618 934 1688 cst,

109 1693 178 1771 Ipse
190 1693 318 1772 regam.”
359 1694 442 1753 Tales
455 1695 571 1752 dederat
584 1695 718 1752 Saturnia
729 1715 821 1754 voces.

110 1772 168 1832 Illa
180 1776 277 1833 autem
290 1773 399 1832 attollit
412 1774 565 1832 stridentes
579 1774 719 1851 anguibus
732 1774 799 1846 alas,

109 1853 470 1930 triu
1064 1962 1070 1973 .

109 2012 225 2072 Nobilis
238 2013 357 2073 etfama
369 2012 469 2070 multis
482 2017 654 2071 memoratus
667 2013 698 2070 in
711 2013 776 2084 oris,

111 2093 262 2151 Amsancti
274 2093 377 2163 valles3
396 2092 489 2151 densis
502 2091 579 2150 hunc
592 2093 738 2151 frondibus
751 2095 847 2151 atrum

111 2171 207 2249 Urget
219 2172 363 2250 utrimque
375 2172 450 2230 latus
463 2171 594 2244 nemoris,
607 2172 756 2249 medioque
768 2173 896 2250 fragosus

110 2251 173 2309 Dat
186 2251 313 2311 sonitum
326 2251 400 2310 saxis
413 2253 443 2311 et
456 2254 535 2309 torto
548 2251 654 2310 vertice
666 2255 786 2311 torrens.
932 2314 937 2327 ,

110 2328 172 2390 Hic
184 2351 283 2408 specus
295 2331 476 2401 horrendum,
490 2330 558 2388 saevi
571 2331 708 2407 spiracula
720 2332 809 2404 Ditis,
832 2343 871 2383 {fd
885 2358 902 2372 ==
920 2328 945 2375 ἵν’

110 2410 302 2484 Monstratur,
314 2414 455 2489 ruptoque
468 2410 569 2487 ingens
582 2411 745 2471 Acheronte
758 2432 863 2493 vorago
908 2442 920 2490 q
929 2443 954 2468 a:
1020 2428 1068 2455 aa*
1081 2426 1089 2447 r
1136 2434 1144 2441 ·
1210 2416 1230 2433 ἰ

110 2490 264 2550 Pestiferos
278 2486 372 2567 aperit'
380 2490 490 2548 fauces:
512 2491 590 2567 queis
603 2486 718 2549 condita
731 2491 846 2569 Erinys,

110 2569 243 2628 Invisum
255 2590 370 2642 numen,
382 2574 473 2628 terras
487 2570 644 2646 coelumque
657 2570 778 2629 levabat.
918 2622 928 2635 ,
965 2620 974 2637 ,

147 2650 212 2709 Nec
224 2649 320 2708 minus
333 2649 442 2709 interea
454 2651 611 2708 extremam
625 2649 758 2708 Saturnia
770 2649 844 2708 bello
955 2644 961 2653 ’

107 2729 239 2807 Imponit
251 2729 351 2807 regina
363 2749 489 2786 manum.
530 2728 603 2786 Ruit
617 2729 709 2786 omnis
722 2729 753 2785 in
765 2730 865 2787 urbem

107 2809 261 2868 Pastorum
274 2829 309 2868 ex
322 2809 380 2868 acie
392 2828 536 2878 numerus,
550 2827 691 2885 oaesosque
703 2811 851 2885 reportant

104 2889 260 2948 Almonem
272 2908 392 2967 puerum
405 2888 560 2965 foedatique
573 2907 622 2945 ora
636 2887 755 2959 Galaesi5

106 2967 324 3046 Implorantque
336 2968 412 3039 deos,
426 2968 662 3044 obtestanturque
676 2967 822 3025 Latinum.

106 3048 222 3106 Turnus
235 3048 325 3120 adest,
338 3047 488 3124 medioque
500 3047 532 3105 in
545 3046 662 3106 crimine
676 3047 760 3105 caedis
774 3050 804 3104 et
816 3045 893 3123 ignis

106 3127 256 3186 Terrorem
268 3127 443 3205 ingeminat:
465 3126 588 3185 Teucros
601 3127 632 3184 in
645 3147 733 3204 regna
746 3127 857 3199 vocari;

106 3207 233 3284 Stirpem
245 3207 393 3266 admisceri
405 3206 581 3284 Phrygiam
602 3227 631 3264 se
643 3206 742 3265 limine
754 3205 829 3282 pelli.

105 3286 192 3357 Tum,
206 3307 328 3364 quorum
341 3286 475 3345 attonitae
490 3285 604 3344 Baccho
617 3305 733 3343 nemora
746 3285 809 3342 avia
821 3287 928 3342 matres

105 3366 255 3425 Insultant
268 3366 378 3438 thiasis,
391 3385 483 3443 neque
497 3365 572 3424 enim
586 3365 647 3424 leve
661 3385 765 3423 nomen
778 3364 902 3437 Amata,

105 3445 242 3522 Undique
255 3445 366 3505 collecti
379 3449 493 3517 cobunt,
508 3445 690 3522 Martemque
703 3444 836 3521 fatigant.

104 3525 192 3584 Ilicet
205 3525 354 3584 infandum
367 3525 463 3584 cuncti
476 3528 577 3584 contra
589 3524 684 3582 omina
696 3523 811 3595 bellum,

27 3620 37 3665 ἢ
106 3604 217 3664 Contra
228 3606 289 3664 fata
302 3606 395 3677 deum,
408 3624 538 3683 perverso
552 3605 670 3661 numine
683 3607 822 3680 poscunt:

107 3685 249 3744 Certatim
262 3685 337 3764 regis
351 3685 536 3743 circumstant
549 3687 628 3742 tecta
641 3682 748 3741 Latini.

106 3764 171 3837 Ille,
184 3765 265 3824 velut
278 3764 371 3842 pelagi
383 3784 467 3841 rupes
479 3764 607 3834 immota,
621 3761 746 3833 resistit3

108 3844 168 3923 [Ut
179 3844 274 3924 pelagi
286 3864 379 3921 rupes,
392 3863 497 3920 magno
510 3843 641 3901 veniente
654 3839 788 3919 fragore]

106 3925 178 3999 Quoe
191 3944 262 3998 sose,
274 3924 374 3982 multis
388 3922 492 3982 circum
505 3921 680 3983 latrantibus
691 3920 791 3998 undis,
