2506 4298
468 239 632 282 Rusones.
672 239 739 283 EGL.
753 239 782 281 V.
1058 229 1095 286 13

192 382 281 440 ΜΕΝ.
302 380 454 440 Montibus
466 381 498 439 in
511 380 616 440 nostris
630 382 706 440 solus
719 381 774 440 tibi
787 384 878 441 certet
891 383 1045 461 Amyntas.

191 462 277 521 Μοπ.
300 461 384 534 Quid,
398 481 423 518 επ
414 461 512 519 idem
525 465 616 520 certet
630 461 774 523 Phoebum
787 482 918 538 superare
932 463 1082 524 canendo?

191 542 279 600 ΜΕΝ.
301 541 409 618 Incipe,
417 541 529 618 Mopse,
536 541 621 618 prior,
629 562 654 599 επ
662 562 732 618 quos
740 543 791 599 aut
801 541 960 620 Phyllidis
952 564 1042 621 ignes,

152 623 215 680 Aut
229 621 346 679 Alconis
358 621 446 679 habes
459 621 565 690 laudes,
579 622 651 678 aut
639 621 736 699 jurgia
749 620 843 679 Codri.

152 701 270 778 Incipe3
289 700 438 778 pascentes
452 667 576 759 servabit
589 700 709 779 Tityrus
722 701 827 758 haedos.

192 781 276 839 Μοπ.
298 780 393 838 Immo
406 780 497 851 haec,'
489 800 520 837 m
532 780 616 837 viridi
629 800 719 857 nuper
732 801 794 857 quae
808 780 912 840 cortice
925 781 984 860 fagi

152 859 287 918 Carmina
300 860 435 936 descripsi
447 826 477 918 et
490 859 639 918 modulans
653 861 762 918 alterna
774 860 882 933 notavi,

151 940 308 1016 Experiar3
328 942 363 997 tu
376 939 477 998 deinde
486 940 588 1017 jubeto
601 942 692 998 certet
705 941 858 1017 Amyntas.

192 1019 279 1077 ΜΕΝ.
300 1019 395 1077 Lenta
408 1019 478 1076 salix
491 1022 631 1095 quantum
644 1019 763 1096 pallenti
776 1020 851 1078 cedit
865 1019 954 1093 olivae,

152 1099 287 1157 Puniceis
300 1098 417 1156 humilis
431 1102 572 1175 quantum
585 1099 711 1158 saliunca
723 1099 841 1157 rosetis:

152 1178 175 1237 J
175 1178 269 1236 udicio
282 1181 381 1236 nostro
394 1180 510 1236 tantum
523 1178 578 1236 tibi
591 1179 666 1237 cedit
680 1180 832 1256 Amyntas.

192 1258 277 1316 Mor.
298 1257 354 1316 Sed
367 1260 402 1315 tu
415 1257 511 1315 desine
524 1258 613 1334 plura,
626 1278 713 1335 puer3
733 1258 918 1316 successimus
931 1261 1024 1316 antro.

151 1337 341 1395 Exstinctum
353 1337 499 1414 Nymphae
512 1337 619 1396 crudeli
630 1338 728 1396 funere
741 1337 879 1414 Daphnin

151 1416 294 1488 Flebant3
313 1435 365 1474 vos
378 1417 467 1475 coruli
478 1419 568 1475 testes
581 1420 611 1476 et
624 1417 743 1476 flumina
755 1417 901 1495 Nymphis
912 1441 918 1488 3

151 1497 250 1569 Quum
263 1495 409 1573 complexa
421 1496 466 1554 sui
479 1515 580 1573 corpus
593 1497 750 1556 miserabile
763 1497 825 1554 nati

151 1577 250 1654 Atque
264 1576 331 1634 deos
345 1579 431 1652 atque
444 1579 522 1634 astra
533 1579 618 1635 vocat
631 1577 756 1635 crudelia
768 1580 869 1634 mater.

151 1656 223 1715 Non
236 1655 288 1713 ulli
301 1659 398 1732 pastos
411 1655 467 1713 illis
481 1675 562 1734 egere
576 1656 674 1714 diebus

151 1734 282 1813 Frigida,
295 1734 421 1812 Daphni,
433 1735 520 1794 boves
533 1736 570 1793 ad
582 1736 716 1806 flumina3
735 1735 814 1793 nulla
826 1755 917 1811 neque
930 1754 1043 1793 amnem

151 1814 271 1874 Libavit
284 1815 450 1892 quadrupes,
463 1835 516 1873 nec
528 1815 665 1893 graminis
679 1814 779 1892 attigit
791 1814 917 1872 herbam.

150 1894 280 1973 Daphni,
293 1899 378 1952 tuum
392 1894 496 1952 Poenos
509 1895 596 1953 etiam
608 1895 780 1972 ingemuisse
791 1895 886 1952 leones

151 1974 321 2045 Interitum,
334 1976 501 2051 montesque
514 1974 567 2033 feri
580 1975 712 2052 silvaeque
724 1975 890 2051 loquuntur.

151 2053 287 2132 Daphnis
301 2056 331 2112 et
344 2054 494 2112 Armenias
508 2074 593 2112 curru
605 2055 775 2132 subjungere
788 2054 877 2131 tigres

152 2133 291 2192 Instituit
303 2157 310 2205 3
330 2133 461 2210 Daphnis
474 2134 583 2193 thiasos
597 2134 730 2192 inducere
743 2133 860 2206 Bacchi,

151 2214 196 2272 Et
209 2213 285 2272 foliis
297 2212 391 2271 lentas
403 2213 529 2272 intexere
541 2214 675 2272 mollibus
687 2214 794 2272 hastas.

151 2292 231 2351 Vitis
244 2295 280 2351 ut
291 2292 438 2351 arboribus
451 2293 544 2352 decori
557 2295 611 2365 est,
623 2297 658 2352 ut
671 2293 779 2351 vitibus
792 2313 863 2364 uvae,

151 2372 198 2431 Ut
211 2372 347 2450 gregibus
360 2372 444 2444 tauri,
458 2376 567 2451 segetes
580 2376 615 2431 ut
627 2373 781 2451 pinguibus
795 2372 884 2431 arvis:

152 2452 201 2511 'ln
214 2452 299 2511 decus
313 2471 397 2510 omne
409 2452 477 2510 πππίε.
518 2452 677 2530 Postquam
689 2457 719 2511 te
732 2453 793 2510 fata
804 2453 943 2522 tulerunt,

152 2530 225 2609 Ipsa
236 2531 320 2590 Pales
333 2551 416 2609 agros
429 2535 515 2608 atque
527 2532 588 2609 ipse
601 2533 715 2609 reliquit
728 2532 840 2609 Apollo.

153 2611 283 2669 Grandia
295 2631 368 2688 saepe
382 2611 483 2688 quibus
496 2612 693 2670 mandavimus
706 2612 813 2670 hordea
826 2611 919 2683 sulcis,

152 2690 262 2750 Infelix
274 2691 373 2749 lolium
386 2693 416 2749 et
429 2691 538 2750 steriles
551 2695 709 2750 nascuntur
721 2711 833 2764 avenae3

153 2770 214 2829 Pro
226 2770 308 2829 molli
320 2770 395 2828 viola
396 2790 467 2847 ‚pro
480 2791 621 2849 purpureo
634 2771 758 2830 narcisso

155 2848 287 2909 carduus
300 2853 330 2908 ct
344 2850 431 2927 spinis
445 2852 538 2928 surgit
551 2851 676 2929 paliurus
690 2851 791 2909 mutis.

155 2928 289 3008 Spargite
301 2929 423 2987 humum
435 2929 518 3003 foliis,
531 2931 658 2990 inducite
670 2931 799 2990 fontibus
812 2929 935 3001 umbras,

154 3009 299 3074 Pastores
311 3009 430 3067 mandat
443 3010 505 3069 fieri
517 3010 572 3069 sibi
584 3010 654 3069 talia
666 3010 814 3088 Daphnis3

153 3088 199 3147 Et
210 3089 357 3147 tumulum
369 3088 463 3160 facite,
476 3093 506 3149 et
519 3091 632 3149 tumulo
646 3090 826 3167 superaddite
840 3108 968 3146 carmen:

153 3167 289 3245 Daphnis
302 3188 355 3246 ego
368 3168 399 3226 in
412 3169 499 3242 silvis,
511 3170 579 3228 hinc
591 3190 681 3247 usque
695 3170 731 3227 ad
744 3170 835 3227 sidera
847 3171 942 3239 notus,

155 3247 289 3306 Formosi
301 3248 409 3325 pecoris
423 3253 527 3321 custos,
541 3250 691 3308 formosior
703 3250 772 3325 ipse.

195 3327 283 3385 ΜΕΝ.
304 3327 373 3386 Tale
385 3331 471 3386 tuum
483 3349 595 3387 carmen
608 3328 700 3399 nobis,
714 3328 809 3386 divine
821 3331 916 3404 polita,

154 3406 246 3479 Quale
259 3427 342 3484 sopor
355 3408 435 3466 fessis
448 3408 478 3466 in
491 3408 628 3486 gramine,
642 3408 723 3485 quale
736 3428 786 3485 per
800 3411 903 3465 aestum

153 3486 257 3544 Dulcis
271 3507 350 3564 aquae
363 3488 480 3546 saliente
494 3488 574 3546 sitim
586 3489 762 3565 restinguere
775 3487 852 3558 rivo3

153 3566 219 3624 Nec
233 3566 347 3625 calamis
361 3568 453 3625 solum
466 3568 629 3645 aequiparas,
643 3568 693 3625 sed
705 3587 773 3625 voce
786 3567 966 3644 magstrum.

154 3646 317 3704 Fortunate
330 3667 408 3723 puer,
421 3650 457 3704 tu
469 3668 545 3706 nuno
559 3647 613 3706 eris
627 3647 700 3706 alter
712 3647 747 3705 ab
761 3646 818 3705 illo.

153 3725 188 3783 N
188 3745 219 3784 os
232 3729 331 3785 tamen
344 3726 404 3784 haeo
419 3747 595 3804 quocumque
608 3727 693 3785 modo
707 3727 762 3785 tibi
775 3728 873 3785 nostra
885 3724 1010 3783 vicissim

155 3804 293 3863 Dicemus
295 3805 509 3883 ,Daphninque
521 3810 606 3864 tuum
619 3806 753 3865 tollemus
766 3807 803 3864 ad
815 3808 908 3876 astra3

155 3884 204 3943 Da
222 3885 295 3943 hnin
308 3886 345 3943 ad
358 3889 436 3944 astra
447 3886 585 3945 feremus:
606 3886 714 3944 amavit
727 3907 779 3944 nos
793 3904 904 3962 quoque
917 3883 1058 3960 Daphnis,

233 3982 281 4025 οπ,
299 3966 348 4023 An
362 3966 514 4043 quidquam
527 3966 610 4027 nobis
624 3966 729 4028 talit
690 3969 729 4029 εππ
742 3986 862 4028 munere
874 3963 989 4048 maiust.
