2506 4298
492 220 635 265 ΕΠΙΒΟΒ
648 222 711 264 LIB.
725 223 777 264 111.

159 362 236 422 cura
249 363 343 435 deum,
355 362 400 422 bis
414 362 579 442 Pergameis
593 366 688 442 erepte
700 363 801 438 ruinis,

159 443 236 502 Ecce
248 444 305 502 tibi
316 443 452 503 Ausoniae
464 443 550 502 tellus
560 467 567 502 ε
586 444 661 502 hanc
674 445 765 521 arripe
777 443 856 503 velis.

160 523 202 581 Et
214 526 314 582 tamen
326 523 400 582 hanc
412 522 513 601 pelago
525 524 723 600 praeterlabare
735 544 848 584 necesse
861 527 921 584 est:

158 603 294 661 Ausonias
307 623 372 680 pars
384 603 435 661 illa
446 603 552 680 procul,
566 623 651 681 quam
665 603 766 681 pandit
778 604 891 682 Apollo.

159 681 257 754 Vade,’
272 683 323 755 ait,
336 687 370 741 ‘o
383 682 450 741 felir
462 683 525 741 nati
537 683 660 759 pietate!
682 683 750 759 quid
763 684 840 742 ultra

159 761 314 835 Provohor,
328 764 358 820 et
370 761 456 821 fando
469 765 618 839 surgentes
632 762 762 821 demoror
775 767 885 822 austros
894 761 919 823 θ’

158 841 222 900 Nec
235 843 330 900 minus
343 842 551 913 Andromache,
564 842 693 920 digressu
704 846 808 902 maesta
819 862 960 921 supremo,

159 921 230 980 Fert
242 921 400 1000 picturatas
412 921 475 980 auri
487 922 648 981 subtemine
660 925 754 980 vestes
1246 960 1253 986 r

159 1000 201 1058 Et
214 1001 374 1079 Phrygiam
386 1001 509 1060 Ascanio
523 1001 720 1079 chlamydem
739 1020 792 1060 neo
805 1001 881 1061 cedit
893 1002 995 1062 honori
1005 992 1053 1074 p„
1063 1005 1108 1065 11,
1133 1008 1247 1062 ΑΜ,

158 1080 372 1156 Tortilibusque
385 1084 485 1140 onerat
498 1080 589 1152 donis,
603 1101 635 1139 ac
648 1081 718 1139 talia
730 1081 823 1140 fatur:

157 1161 280 1238 ‘Accipe
293 1164 323 1219 et
336 1161 405 1232 haec,
419 1180 556 1219 manuum
568 1160 625 1218 tibi
638 1181 699 1236 quae
712 1164 898 1220 monumenta
911 1181 1039 1220 mearum

157 1239 231 1311 Sint,
244 1260 323 1317 puer,
336 1242 367 1298 et
378 1240 499 1318 longum
511 1240 721 1299 Andromachae
734 1243 879 1300 testentur
891 1261 1024 1314 amorem,

156 1319 294 1397 conjugis
307 1320 469 1378 Hectoreae.
509 1319 586 1397 Cape
600 1320 674 1378 dona
687 1324 814 1378 extrema
825 1324 951 1394 tuorum,

81 1446 84 1459 .
156 1399 269 1457 Omihi
283 1399 343 1458 sola
355 1400 412 1458 mei
425 1419 510 1477 super
522 1399 707 1477 Astyanactis
720 1399 825 1477 imago.

155 1478 201 1537 Sic
215 1479 321 1552 oculos,
334 1479 374 1537 sic
386 1479 434 1537 ille
446 1499 556 1552 manus,
570 1479 610 1537 sic
623 1498 673 1537 ora
684 1479 808 1552 ferebat3

85 1558 90 1587 ¹
156 1559 198 1616 Et
211 1579 289 1616 nunc
302 1558 402 1636 aequali
414 1562 511 1618 tecum
523 1558 689 1636 pubesceret
701 1559 782 1618 aevo.’

155 1638 221 1696 Hos
235 1657 289 1716 ego
303 1638 462 1716 digrediens
474 1638 597 1697 lacrimis
611 1639 716 1698 affabar
728 1638 852 1716 obortis:
867 1641 943 1699 aba·

155 1717 270 1776 ‘Vivite
283 1718 386 1790 felices,
400 1719 501 1795 quibus
515 1721 559 1777 est
574 1718 690 1776 fortuna
701 1722 816 1795 peracta
839 1738 918 1801 m,
948 1730 1038 1787 „M

154 1796 225 1855 Jam
238 1817 306 1857 sua:
326 1818 379 1856 nos
392 1798 448 1856 alia
459 1818 494 1857 ex
507 1798 568 1856 aliis
581 1798 612 1856 in
625 1799 685 1856 fata
697 1793 838 1856 vocamur.

154 1872 244 1936 Vobis
257 1881 341 1955 parta
353 1877 448 1955 quies3
468 1878 580 1936 nullum
592 1877 678 1935 maris
691 1897 785 1954 oequor
798 1875 952 1949 arandum;

153 1956 234 2015 Arva
246 1977 338 2035 neque
350 1958 492 2031 Ausonia,
506 1976 616 2034 semper
629 1957 758 2016 cedentia
769 1959 855 2028 retro,

154 2036 320 2108 Quaerendsi.
360 2037 495 2115 Effigiem
507 2036 621 2095 Xanthi
633 2037 803 2114 Trojamque
815 2036 927 2108 videtis,

154 2116 250 2188 Quam
262 2119 365 2175 vestras
377 2117 467 2176 fecere
479 2137 590 2188 manus,
603 2116 775 2187 melioribus,
789 2119 866 2194 opto,

154 2196 307 2274 Auspiciis,
321 2198 351 2254 et
365 2216 429 2272 quae
443 2196 530 2255 fuerit
543 2196 637 2272 minus
651 2196 735 2254 obvia
748 2196 850 2255 Graiis.
874 2195 928 2297 Ast
953 2213 1068 2288 egisse

154 2275 186 2332 Si
199 2276 312 2352 quando
326 2275 467 2353 Thybrim
479 2275 627 2351 vicinaque
641 2268 796 2353 Thybridis
809 2295 876 2334 arva

155 2354 280 2426 Intraro,
294 2355 429 2432 gentique
442 2375 511 2414 meae
525 2355 593 2414 data
604 2355 711 2414 moenia
723 2375 845 2427 cernam,

155 2433 301 2512 Cognatas
314 2435 397 2493 urbes
411 2435 480 2494 olim
492 2435 667 2513 populosque
680 2435 852 2512 propinquos

154 2513 254 2590 Epiro,
268 2514 559 2592 Hesperia—quibus
572 2515 649 2574 idern
662 2514 814 2574 Dardanus
827 2517 926 2574 auctor

154 2594 253 2670 Atque
266 2594 341 2653 idem
356 2614 572 2666 casua—unam
585 2594 719 2653 faciemus
732 2599 883 2670 utramque

74 2693 103 2721 a
153 2673 270 2750 Trojam
284 2673 393 2732 animis.
433 2673 553 2733 Maneat
566 2677 679 2732 nostros
693 2695 726 2732 ca
738 2695 805 2733 cura
816 2672 953 2752 nepotes!

194 2753 408 2812 “Provehimur
420 2754 521 2832 pelago
534 2753 628 2812 vicina
641 2754 779 2812 Ceraunia
787 2755 879 2831 juxta,

154 2831 240 2890 Unde
252 2832 309 2891 iter
320 2833 437 2892 Italiam
450 2853 604 2910 cursusque
616 2834 797 2892 brevissimus
810 2834 903 2892 undis.

153 2911 204 2969 Sol
216 2912 275 2969 ruit
287 2912 403 2984 interea,
417 2916 447 2971 et
459 2916 572 2972 montes
586 2914 755 2972 umbrantur
768 2914 848 2991 opaci
858 2932 865 2972 t

153 2991 315 3049 Sternimur
327 2995 433 3069 optata
446 2993 555 3070 gremio
567 2992 678 3051 telluris
691 2993 727 3051 ad
740 2995 854 3066 undam,
1196 3048 1205 3065 ,

152 3070 257 3152 Sortiti
268 3090 369 3144 remos,
382 3072 543 3149 passimque
555 3071 586 3130 in
598 3072 682 3131 litore
696 3073 771 3131 sicco
803 3068 960 3147 fimare·
981 3059 1022 3121 dia
1053 3077 1115 3119 νῦν
1135 3054 1164 3156 {i
1181 3058 1236 3117 *il*

153 3148 279 3227 Corpora
291 3171 438 3224 curamus3
458 3152 545 3210 fessos
559 3172 643 3229 sopor
654 3152 755 3230 irrigat
769 3155 857 3210 artus.
941 3146 945 3161 '
1175 3213 1179 3223 ,

152 3229 286 3288 Necdum
299 3231 534 3314 orbem-medium
547 3231 616 3290 Nox
628 3232 705 3290 horis
719 3235 783 3290 acta
795 3232 924 3291 subibat:
936 3233 978 3301 ir·
995 3244 1026 3282 ’κ
1036 3234 1117 3293 solvil·
1145 3240 1250 3282 cacco

153 3308 243 3367 Haud
256 3311 350 3388 segnis
364 3307 460 3370 strato
464 3310 563 3389 'surgit
577 3311 738 3384 Palinurue
752 3315 782 3370 et
796 3333 892 3371 omnes

153 3388 293 3466 Explorat
306 3394 416 3463 ventos,
429 3394 515 3468 atque
528 3391 642 3449 auribus
656 3395 722 3450 adra
735 3396 849 3468 captat3

78 3472 84 3525 ἒ
152 3468 251 3528 Sidera
263 3474 367 3528 cuncta
378 3474 463 3530 notat
474 3470 565 3530 tacito
577 3471 703 3551 labpntia
716 3471 795 3544 coelo,
817 3451 934 3569 sd'tce'y

80 3576 85 3583 ·
151 3549 317 3621 Arcturum,
330 3550 495 3628 pluviasque
509 3550 638 3628 Hyadas,
652 3552 835 3628 geminosque
849 3551 976 3623 Triones,

89 3628 96 3705 J
150 3628 361 3707 Armatumque
374 3648 442 3689 auro
455 3630 646 3707 circumspicit
660 3630 774 3688 Oriona.

151 3706 311 3787 Postquam
324 3713 429 3768 cuncta
440 3710 520 3769 videt
533 3709 604 3768 coelo
618 3714 747 3769 constare
761 3730 867 3782 sereno,

150 3787 211 3846 Dfli
224 3788 335 3847 clanim
348 3809 363 3848 θ
375 3790 465 3868 puppi
478 3790 609 3868 signum:
629 3808 682 3848 nos
695 3793 789 3848 castra
800 3809 956 3863 movemus,

150 3865 364 3946 Tenemusque
375 3869 461 3942 viam,
475 3873 505 3928 et
518 3869 646 3928 velorum
658 3870 809 3947 pandimus
822 3869 889 3928 alas.
905 3862 1027 3930 *ew-1
1036 3899 1039 3903 ι

149 3945 274 4027 Jamque
286 3949 455 4009 rubescebat
465 3949 556 4009 stellis
568 3950 683 4010 Aurora
695 3939 825 4032 fugatim

604 4047 634 4092 rr
