2506 4298
478 226 659 271 eucnemon
670 227 734 269 ΙιΙΒ.
748 228 771 269 Ι.

149 367 280 446 Septima
291 371 358 445 post
371 368 510 428 decimam
522 369 598 442 felix,
612 373 642 428 et
654 390 758 448 ponere
771 370 869 444 vitem,

149 449 193 506 Et
205 469 323 526 prensos
337 449 476 508 domitare
489 451 584 522 boves,
598 454 628 508 et
640 450 705 508 licia
717 450 780 509 telae

149 528 272 586 Addere.
313 529 400 587 Nona
411 530 489 607 fugae
503 530 611 602 melior,
625 530 766 588 contraria
778 530 871 588 frutis.

190 608 290 666 Multa
303 608 372 667 adeo
385 609 480 686 gelida
492 609 593 668 melius
607 629 636 667 sc
650 612 734 667 nocte
748 610 856 683 dedere,

149 688 213 746 Aut
226 707 317 764 quum
330 689 388 746 sole
400 709 475 746 novo
489 692 579 747 terras
591 689 695 747 irrorat
708 689 796 746 Eous.

149 767 248 826 Nocte
260 767 337 826 leves
349 768 450 826 melius
464 768 587 845 stipulae,
601 772 685 827 nocte
699 768 777 826 arida
789 772 872 846 prata

149 846 337 919 Tondentur3
356 851 455 906 noctes
467 848 562 906 lentus
575 869 635 906 non
648 848 744 906 deficit
756 849 869 907 humor.

149 928 194 984 Et
207 927 324 1003 quidam
338 947 414 986 seros
427 928 539 985 hiberni
552 928 588 986 ad
600 928 716 985 luminis
729 927 810 1004 ignes

150 1006 319 1084 Pervigilat,
332 1006 461 1084 ferroque
474 1008 549 1065 seces
561 1008 683 1084 inspicat
696 1012 798 1080 acut03

150 1086 269 1144 Interea
281 1085 400 1164 longum
413 1090 501 1145 cantu
513 1087 604 1145 solata
616 1087 742 1145 laborem

149 1167 268 1242 Arguto
282 1166 384 1243 conjux
397 1167 537 1242 percurrit
549 1168 662 1243 pectine
674 1166 764 1236 telas3

149 1247 215 1303 Aut
228 1245 319 1303 dulcis
331 1246 421 1303 musti
433 1246 561 1304 Vulcano
575 1246 707 1322 decoquit
720 1246 869 1304 humorem

151 1326 196 1383 Et
209 1325 285 1383 foliis
298 1325 406 1382 undam
418 1326 523 1402 trepidi
537 1326 686 1402 despumat
700 1325 791 1383 aheni.

191 1405 236 1462 At
248 1404 406 1464 rubicunda
419 1405 503 1463 Ceres
517 1406 611 1463 medio
625 1405 779 1463 succiditur
792 1407 881 1477 aestu3

150 1485 196 1541 Et
208 1484 302 1542 medio
315 1487 408 1542 tostas
422 1488 497 1542 aestu
509 1484 579 1543 terit
593 1505 657 1544 area
669 1485 774 1560 fruges.

149 1564 257 1622 Nudus
272 1584 328 1636 ara,
342 1584 402 1623 sere
416 1565 526 1635 nudus;
545 1565 637 1623 hiems
650 1565 755 1641 ignava
768 1564 876 1622 colono.

150 1643 322 1721 Frigoribus
335 1647 419 1721 parto
432 1644 563 1722 agricola
577 1645 743 1721 plerumque
756 1644 899 1716 fruuntur,

150 1723 316 1800 Mutueque
328 1723 405 1782 inter
417 1744 447 1782 se
460 1724 523 1782 laeti
536 1725 666 1782 convivia
678 1727 787 1781 curant.

151 1801 268 1861 Invitat
281 1803 400 1880 genialis
412 1803 504 1862 hiems
518 1824 653 1880 curasque
666 1803 799 1861 resolvit:

151 1883 213 1940 Ceu
225 1903 331 1960 pressae
346 1903 434 1960 quum
442 1884 505 1961 jam
517 1887 633 1960 portum
645 1883 767 1960 tetigere
780 1881 894 1953 carinae,

151 1962 302 2040 Puppibus
315 1965 346 2020 et
358 1963 417 2020 laeti
430 1966 524 2021 nautae
537 1963 695 2040 imposuere
708 1982 833 2021 coronas.

151 2042 209 2100 Sed
221 2047 321 2100 tamen
334 2046 365 2100 et
378 2063 498 2119 qnemas
511 2043 628 2120 glandes
641 2047 706 2100 tum
720 2042 859 2119 stringere
872 2044 996 2118 tempusa,

151 2122 195 2180 Et
207 2120 282 2179 lauri
294 2122 402 2194 baccas,
416 2123 570 2200 oleamque,
583 2125 755 2199 cruentaque
768 2125 881 2198 myrta3

151 2201 229 2259 'l'um
242 2201 362 2278 gruibus
373 2202 486 2280 pedicas
499 2206 529 2260 et
542 2203 615 2260 retia
626 2222 730 2280 ponere
743 2201 841 2272 cervis,

153 2280 330 2357 Auritosque
342 2281 422 2359 sequi
435 2281 560 2359 lepores;
578 2285 644 2339 tum
656 2282 744 2359 figere
757 2281 863 2352 damas,

152 2360 283 2438 Stuppea
293 2364 477 2438 torquentem
489 2361 617 2419 Balearis
629 2363 746 2419 verbera
757 2360 870 2418 fundae:

153 2440 250 2512 Quum
263 2440 314 2498 nix
327 2442 386 2499 alta
393 2441 480 2519 jacet,
493 2441 612 2518 glaciem
626 2461 715 2517 quum
728 2440 847 2498 fiumina
858 2439 990 2498 trudunt.

192 2518 271 2592 Quid
283 2523 470 2598 tempestates
483 2520 631 2578 auctumni
644 2524 674 2578 et
687 2520 779 2578 sidera
792 2519 907 2578 dicam?

153 2600 261 2677 Atque,
275 2600 326 2660 ubi
334 2601 397 2679 jam
409 2600 575 2676 breviorque
589 2600 648 2657 dies
662 2603 692 2658 et
705 2600 818 2658 mollior
830 2603 924 2670 aestas,

154 2680 223 2752 Quae
236 2680 383 2758 vigilanda
394 2679 487 2738 viris?
501 2680 547 2737 vel
559 2700 648 2756 quum
661 2679 720 2737 ruit
732 2679 910 2737 imbriferum
923 2698 982 2749 ver,

154 2759 255 2836 Spicea
262 2760 325 2838 jam
338 2759 444 2836 campis
457 2779 545 2836 quum
559 2759 658 2817 messis
670 2758 822 2829 inhorruit,
836 2763 866 2816 et
879 2778 968 2835 quum

152 2838 315 2899 Frumento
326 2839 357 2896 in
369 2839 454 2896 viridi
467 2838 574 2916 stipula
585 2839 723 2897 lactentia
734 2837 878 2915 turgent?

154 2918 234 2996 Saepe
247 2940 310 2997 ego,
324 2939 413 2996 quum
425 2919 507 2977 flavis
519 2938 672 2976 messorem
684 2918 831 2976 induceret
844 2916 919 2974 arvis

153 2998 299 3076 Agricola,
312 3003 343 3057 et
355 2999 450 3076 fragili
458 2999 520 3076 jam
533 2999 688 3076 stringeret
700 2998 807 3056 hordea
818 2997 921 3068 culmo,

154 3078 262 3137 Omnia
273 3082 427 3138 ventorum
440 3098 604 3136 concurrere
617 3077 717 3155 proelia
728 3077 788 3135 vidi
798 3102 804 3149 ;

155 3158 226 3230 Quae
240 3158 389 3236 gravidam
401 3158 459 3216 late
472 3162 599 3234 segetem
612 3158 648 3215 ab
661 3157 801 3215 radicibus
814 3156 880 3213 imis

154 3238 283 3297 Sublime
296 3238 442 3315 expulsam
454 3240 601 3296 eruerent:
620 3238 664 3295 ita
675 3237 790 3295 turbine
802 3236 885 3313 nigro

154 3317 258 3376 Ferret
270 3319 363 3376 hiems
376 3317 558 3394 culmumque
569 3317 662 3375 levem
675 3316 850 3393 stipulasque
863 3315 1001 3373 volantes.

155 3397 235 3474 Sapo
248 3398 337 3456 etiarn
348 3398 520 3455 immensum
533 3397 604 3455 coelo
616 3396 698 3454 venit
710 3417 813 3474 agmen
826 3415 972 3472 aquarum,

154 3477 198 3534 Et
211 3478 319 3536 foedam
331 3477 491 3554 glomerant
504 3480 707 3554 tempestatem
719 3476 859 3533 imbribus
871 3475 942 3534 atris

155 3556 292 3615 Collectae
306 3577 341 3615 ex
353 3557 413 3615 alto
426 3557 533 3628 nubes3
551 3557 612 3614 ruit
625 3556 729 3613 arduus
744 3556 844 3628 aether,

154 3636 198 3695 Et
210 3636 309 3714 pluvia
320 3636 433 3714 ingenti
445 3639 508 3694 sata
519 3636 590 3694 laeta
601 3636 744 3712 boumque
756 3635 866 3694 labores

154 3716 269 3788 Diluit3
289 3716 446 3793 implentur
456 3717 551 3786 sossae,
564 3719 595 3774 et
608 3735 677 3774 cara
689 3715 808 3773 flumina
819 3715 951 3772 crescunt

155 3794 231 3854 (lum
244 3763 351 3868 stnitu,
362 3795 474 3873 fervetq
473 3815 509 3855 ue
521 3761 603 3854 fietis
616 3795 789 3873 spirantibus
802 3812 907 3871 aequor.

236 3799 661 3948 Pater,1nediatqnimborumspm
673 3878 767 3946 nocte,
780 3892 897 3933 corusca

155 3874 335 4017 mua
304 3955 424 4017 molitur
435 3957 551 4016 uxta.-
570 3975 627 4036 quo
640 3954 767 4016 maxima
778 3957 866 4016 motu
